wallet,total_notional_usd,wallet_trade_count,unique_tx_count,market_count,first_trade_time,last_trade_time,maker_NO_notional_usd,maker_YES_notional_usd,taker_NO_notional_usd,taker_YES_notional_usd,maker_NO_trade_count,maker_YES_trade_count,taker_NO_trade_count,taker_YES_trade_count,no_notional_usd,yes_notional_usd,net_yes_minus_no_notional,direction_bias
0x4bfb41d5b3570defd03c39a9a4d8de6bd8b8982e,2130164.667312,905,905,1,2026-04-07 17:32:25+00:00,2026-04-07 22:31:59+00:00,0.0,0.0,1471161.623644,659003.043668,0,0,578,327,1471161.623644,659003.043668,-812158.5799759999,NO (no ceasefire)
0xbb39ba863319281427a482c8714ffdf69cb7ee8a,341886.58486,265,186,1,2026-04-07 17:33:31+00:00,2026-04-07 21:20:53+00:00,299541.40519,2894.7894,31359.980340000002,8090.40993,244,1,17,3,330901.38553,10985.19933,-319916.18620000005,NO (no ceasefire)
0x35417b3d09d7a0991f75d7cc95162a6e34d7462e,334431.751157,95,45,1,2026-04-07 18:50:45+00:00,2026-04-07 22:24:03+00:00,103941.65237,51601.542747,153262.95758000002,25625.59846,20,26,39,10,257204.60995,77227.141207,-179977.468743,NO (no ceasefire)
0xaec63dad7d5f2088d0151913e161fe819706b7e5,196305.160814,50,8,1,2026-04-07 21:05:37+00:00,2026-04-07 22:24:47+00:00,78875.670847,37920.654918,35970.49939,43538.335659,4,4,18,24,114846.170237,81458.990577,-33387.179659999994,NO (no ceasefire)
0xe1194d05876b71b05572c1b59bd49a157f21e30f,183437.12178,161,114,1,2026-04-07 21:53:13+00:00,2026-04-07 22:14:09+00:00,135983.86411,0.0,26408.04657,21045.2111,114,0,26,21,162391.91068,21045.2111,-141346.69958000001,NO (no ceasefire)
0xde7be6d489bce070a959e0cb813128ae659b5f4b,138629.155011,41,13,1,2026-04-07 19:19:21+00:00,2026-04-07 22:10:13+00:00,0.0,38588.958671,90009.55786,10030.63848,0,13,26,2,90009.55786,48619.597151,-41389.960709,NO (no ceasefire)
0xbaa2bcb5439e985ce4ccf815b4700027d1b92c73,124470.65871999999,26,19,1,2026-04-07 18:06:51+00:00,2026-04-07 21:24:53+00:00,103372.89384,0.0,20045.00888,1052.756,21,0,4,1,123417.90272,1052.756,-122365.14672,NO (no ceasefire)
0xea7957606f259bcba522a4681494555547a7a9cc,99097.163252,71,61,1,2026-04-07 17:53:57+00:00,2026-04-07 22:02:03+00:00,86070.765512,7542.23595,785.00083,4699.16096,63,3,1,4,86855.766342,12241.39691,-74614.369432,NO (no ceasefire)
0x1d16b887703318582321c3c96687f565919ee798,98006.67629999999,22,3,1,2026-04-07 22:03:41+00:00,2026-04-07 22:06:57+00:00,0.0,51191.2011,13699.689769999999,33115.78543,0,3,4,15,13699.689769999999,84306.98653,70607.29676,YES (ceasefire)
0x35bbbad2415fe5e39b12da9a316cdc80b022009b,95423.7057,33,23,1,2026-04-07 18:07:45+00:00,2026-04-07 21:44:47+00:00,54133.87163,18989.05574,10606.73244,11694.04589,16,7,5,5,64740.60407,30683.101629999997,-34057.502440000004,NO (no ceasefire)
0xfd66d7ed45d7962ad009e669cdaec9319e38fb6d,87796.006098,37,23,1,2026-04-07 18:06:51+00:00,2026-04-07 22:28:59+00:00,0.0,32406.550498,46003.305,9386.1506,0,19,17,1,46003.305,41792.701098000005,-4210.603901999995,NO (no ceasefire)
0x0e5bd76779e74304d08e759072abf126d87da593,86356.111797,15,5,1,2026-04-07 19:44:09+00:00,2026-04-07 19:56:53+00:00,65771.476867,0.0,18534.63493,2050.0,5,0,8,2,84306.111797,2050.0,-82256.111797,NO (no ceasefire)
0x72e4daa9b93fd3786f231c3b73c1bdbc4c48740a,81426.187429,43,28,1,2026-04-07 22:03:41+00:00,2026-04-07 22:30:59+00:00,0.0,80803.187429,623.0,0.0,0,42,1,0,623.0,80803.187429,80180.187429,YES (ceasefire)
0xdc03d611e5bcc9f1c87edb95edeb91671471804c,80936.7461,32,23,1,2026-04-07 17:41:05+00:00,2026-04-07 22:23:23+00:00,67308.73659,0.0,10428.701609999998,3199.3079,25,0,4,3,77737.4382,3199.3079,-74538.1303,NO (no ceasefire)
0x6bab41a0dc40d6dd4c1a915b8c01969479fd1292,72627.33209,28,15,1,2026-04-07 19:23:19+00:00,2026-04-07 22:27:27+00:00,33035.686069999996,16117.05311,18523.16966,4951.42325,6,9,10,3,51558.855729999996,21068.47636,-30490.379369999995,NO (no ceasefire)
0xcf19c420814435ffb1c459588208ed23a7ee6402,70250.933771,15,13,1,2026-04-07 19:51:27+00:00,2026-04-07 22:19:17+00:00,59670.406171,0.0,720.0,9860.5276,13,0,1,1,60390.406171,9860.5276,-50529.878571,NO (no ceasefire)
0xc80ffc66a00a1a688f68e588b32487cb573e93c8,70182.727716,53,46,1,2026-04-07 18:00:11+00:00,2026-04-07 22:25:33+00:00,66023.854716,0.0,4158.873,0.0,48,0,5,0,70182.727716,0.0,-70182.727716,NO (no ceasefire)
0x88d693005386a305ada6d7996f3319b587a4de00,66601.494558,32,18,1,2026-04-07 21:25:37+00:00,2026-04-07 21:53:15+00:00,50919.327798,0.0,8586.81459,7095.35217,20,0,7,5,59506.142388,7095.35217,-52410.790218,NO (no ceasefire)
0x5823a87faccc566579cf88cc89ffe50eb54d673f,66586.16229000001,13,2,1,2026-04-07 20:13:51+00:00,2026-04-07 20:13:51+00:00,42224.863620000004,0.0,21652.0,2709.29867,2,0,8,3,63876.863620000004,2709.29867,-61167.56495,NO (no ceasefire)
0xc6587b11a2209e46dfe3928b31c5514a8e33b784,63744.94735,29,3,1,2026-04-07 20:31:49+00:00,2026-04-07 20:50:25+00:00,0.0,11485.20835,52259.739,0.0,0,3,26,0,52259.739,11485.20835,-40774.53065,NO (no ceasefire)
0x9a3917f7ccca913e2aa52ae5839c165dfbb9b87f,58381.848361000004,31,5,1,2026-04-07 19:27:15+00:00,2026-04-07 21:57:57+00:00,0.0,15351.408259,39014.761623,4015.678479,0,4,24,3,39014.761623,19367.086738,-19647.674884999997,NO (no ceasefire)
0xcdbc69eb662396d5a1877b7fe5063c2cb898f38b,58208.408649,35,17,1,2026-04-07 20:05:15+00:00,2026-04-07 21:57:17+00:00,0.0,39348.848999,14934.237949999999,3925.3217,0,17,15,3,14934.237949999999,43274.170699,28339.932749000003,YES (ceasefire)
0x6ae0a24ae0797e62332852a52ae321e330177483,57876.84764,3,2,1,2026-04-07 21:40:51+00:00,2026-04-07 21:45:35+00:00,41355.77951,0.0,0.0,16521.06813,2,0,0,1,41355.77951,16521.06813,-24834.71138,NO (no ceasefire)
0x853c37a959a5791b849e3f3225c7f5963746bd03,54230.089828,21,8,1,2026-04-07 19:46:03+00:00,2026-04-07 20:12:39+00:00,0.0,22510.283988,25359.01944,6360.7864,0,7,11,3,25359.01944,28871.070388,3512.050948,YES (ceasefire)
0x8de0ee3ce923e4ae28b9745a652797eaea8887a0,51300.51816,6,2,1,2026-04-07 20:43:23+00:00,2026-04-07 20:43:41+00:00,38860.594170000004,0.0,7447.92399,4992.0,2,0,3,1,46308.51816,4992.0,-41316.51816,NO (no ceasefire)
0x71edffd0d70a1da823ff07a3c6fc81457294d338,48986.566934,12,4,1,2026-04-07 21:07:41+00:00,2026-04-07 21:15:23+00:00,33026.729993,0.0,14641.118919999999,1318.7180210000001,4,0,6,2,47667.848913,1318.7180210000001,-46349.130892,NO (no ceasefire)
0x68558d37cafd9e6612ab32863f55ccdd798f655a,45833.348318,14,13,1,2026-04-07 20:00:45+00:00,2026-04-07 21:45:45+00:00,0.0,45833.348318,0.0,0.0,0,14,0,0,0.0,45833.348318,45833.348318,YES (ceasefire)
0x0a543bb97015206f67e1bc5ead7c2d60baf64a03,41197.170505,14,11,1,2026-04-07 17:47:49+00:00,2026-04-07 20:59:55+00:00,38644.994945,0.0,2552.17556,0.0,12,0,2,0,41197.170505,0.0,-41197.170505,NO (no ceasefire)
0x9c2617462567859fcf5764e03b9a687ebca274bc,41036.40745,12,11,1,2026-04-07 19:37:39+00:00,2026-04-07 21:13:35+00:00,38952.17145,0.0,2084.236,0.0,11,0,1,0,41036.40745,0.0,-41036.40745,NO (no ceasefire)
0x8039ad26298d7847799899808554474b7fa57421,40537.650963,12,4,1,2026-04-07 19:03:53+00:00,2026-04-07 22:17:43+00:00,0.0,20619.551199,7281.785224,12636.31454,0,2,6,4,7281.785224,33255.865739,25974.080515,YES (ceasefire)
0x80802378f0715997f63e403a1bf44c356d0ff527,39762.954058,23,10,1,2026-04-07 21:50:17+00:00,2026-04-07 22:14:45+00:00,21051.439342,4953.044329,4546.868069,9211.602318000001,7,3,6,7,25598.307411,14164.646647000001,-11433.660764,NO (no ceasefire)
0x4aa2661df2285ad3e17f4267c3469785d7ef3170,38941.77336,9,3,1,2026-04-07 19:19:31+00:00,2026-04-07 22:07:57+00:00,28008.31725,0.0,3818.217,7115.23911,3,0,2,4,31826.53425,7115.23911,-24711.295140000002,NO (no ceasefire)
0xbacd00c9080a82ded56f504ee8810af732b0ab35,38779.20632,17,8,1,2026-04-07 19:25:55+00:00,2026-04-07 21:30:59+00:00,4815.74787,6739.53169,27223.926760000002,0.0,5,3,9,0,32039.67463,6739.53169,-25300.14294,NO (no ceasefire)
0x030a01fff8762c0747b6dbc589b28ee6cea8acfc,38712.00446,19,12,1,2026-04-07 20:34:29+00:00,2026-04-07 21:25:37+00:00,0.0,19848.64877,5434.15654,13429.19915,0,10,4,5,5434.15654,33277.84792,27843.69138,YES (ceasefire)
0x8f7a4b414417911e7e9bd738399874792cdbdb40,37526.909928,42,33,1,2026-04-07 19:45:13+00:00,2026-04-07 22:31:17+00:00,0.0,27353.426638,4547.05742,5626.42587,0,32,3,7,4547.05742,32979.852507999996,28432.795087999995,YES (ceasefire)
0x1e0e8f5f626370cbc37e4b09a65e5452d9805001,36438.725319,13,9,1,2026-04-07 20:20:33+00:00,2026-04-07 21:04:41+00:00,21939.425638,0.0,13578.15196,921.147721,9,0,3,1,35517.577598,921.147721,-34596.429877,NO (no ceasefire)
0xc0a1298e2d6ba216efb554865369152da9c5a33b,36259.949966,6,1,1,2026-04-07 19:48:37+00:00,2026-04-07 19:48:37+00:00,19791.999998,0.0,16467.949968,0.0,1,0,5,0,36259.949966,0.0,-36259.949966,NO (no ceasefire)
0xb38002f0b1f1de06fc7caa78b82254541f98dae3,35013.411677,12,6,1,2026-04-07 20:08:19+00:00,2026-04-07 22:06:41+00:00,5929.33996,19700.614318,6996.25,2387.207399,2,4,4,2,12925.589960000001,22087.821717,9162.231756999998,YES (ceasefire)
0x0eafc20c32e3885f9dd7bd68c56484cad61b97e2,33924.17505,19,2,1,2026-04-07 17:41:05+00:00,2026-04-07 22:07:55+00:00,0.0,8396.84493,22163.65712,3363.673,0,2,15,2,22163.65712,11760.51793,-10403.13919,NO (no ceasefire)
0xc26629ee1555084e74c45847e9179880cb4d2f2f,33313.88829,16,4,1,2026-04-07 18:25:45+00:00,2026-04-07 22:04:23+00:00,0.0,11671.44823,19001.30715,2641.1329100000003,0,4,10,2,19001.30715,14312.58114,-4688.72601,NO (no ceasefire)
0xecef29d3d91b251c9e24dcd84ac242cb1702b593,33138.52169,18,11,1,2026-04-07 19:31:11+00:00,2026-04-07 20:58:29+00:00,18427.02571,3333.0564,2813.05298,8565.3866,7,3,4,4,21240.07869,11898.443,-9341.63569,NO (no ceasefire)
0x560259988aa71630f4f7cc702008602391e41480,33074.852447000005,19,11,1,2026-04-07 17:41:05+00:00,2026-04-07 19:42:09+00:00,22473.068777,0.0,10601.78367,0.0,15,0,4,0,33074.852447000005,0.0,-33074.852447000005,NO (no ceasefire)
0x4133f8ff4b624c1d1b4ddfbf1da803c1e0d4ea5d,32331.35943,13,6,1,2026-04-07 19:23:55+00:00,2026-04-07 19:26:05+00:00,21396.87445,0.0,10934.484980000001,0.0,6,0,7,0,32331.35943,0.0,-32331.35943,NO (no ceasefire)
0xb4f2310271b208f35b543bde10522db44cf67851,31209.151149999998,22,14,1,2026-04-07 20:39:27+00:00,2026-04-07 22:26:11+00:00,0.0,19933.60807,3992.07978,7283.463299999999,0,14,4,4,3992.07978,27217.071369999998,23224.991589999998,YES (ceasefire)
0xcaf1946d13a1a7967f5d3c76780d012e56b09ad1,30594.33828,9,2,1,2026-04-07 21:03:43+00:00,2026-04-07 22:06:37+00:00,17696.0268,0.0,8390.60688,4507.7046,2,0,5,2,26086.63368,4507.7046,-21578.929079999998,NO (no ceasefire)
0x401ee31e9ebf9ab9f6315cd95faca5f950436fc9,29312.075033,26,23,1,2026-04-07 18:29:21+00:00,2026-04-07 22:19:41+00:00,22231.955103,1869.87823,4682.2369,528.0048,17,3,5,1,26914.192003,2397.88303,-24516.308973,NO (no ceasefire)
0x5188fa0e8a77e87bc6a58e6781fdfc4e165cc804,29043.185,3,3,1,2026-04-07 19:23:05+00:00,2026-04-07 21:16:21+00:00,29043.185,0.0,0.0,0.0,3,0,0,0,29043.185,0.0,-29043.185,NO (no ceasefire)
0xb10047d6a254b2ebb306d7a7d13bf59171ab6461,28995.851227,14,11,1,2026-04-07 19:19:31+00:00,2026-04-07 22:13:27+00:00,19804.871197,4909.39954,4281.58049,0.0,6,5,3,0,24086.451687,4909.39954,-19177.052147000002,NO (no ceasefire)
0xd67ba35aef659c872377a5ac2becb7ada7f85780,28769.7697,13,6,1,2026-04-07 19:19:57+00:00,2026-04-07 21:21:03+00:00,0.0,10859.11511,13302.50949,4608.1451,0,4,6,3,13302.50949,15467.26021,2164.75072,YES (ceasefire)
0x990655efc3e4ff8d488af70c268e32f5df61c0ae,28536.80669,15,15,1,2026-04-07 19:20:23+00:00,2026-04-07 20:12:39+00:00,28536.80669,0.0,0.0,0.0,15,0,0,0,28536.80669,0.0,-28536.80669,NO (no ceasefire)
0x436f969d99c90191fbc2c629e6b7a1b754402c7f,28384.080194,10,6,1,2026-04-07 21:37:35+00:00,2026-04-07 21:50:27+00:00,19055.194377,0.0,9328.885817,0.0,6,0,4,0,28384.080194,0.0,-28384.080194,NO (no ceasefire)
0x84c322daf117acb36c5483c25707153253286efe,28069.707441,25,10,1,2026-04-07 19:01:17+00:00,2026-04-07 22:25:07+00:00,0.0,9881.947948,13918.462843,4269.29665,0,7,13,5,13918.462843,14151.244598,232.78175499999998,YES (ceasefire)
0x96489abcb9f583d6835c8ef95ffc923d05a86825,27481.337,4,4,1,2026-04-07 17:41:05+00:00,2026-04-07 21:30:59+00:00,27481.337,0.0,0.0,0.0,4,0,0,0,27481.337,0.0,-27481.337,NO (no ceasefire)
0xa2ffc55eba11c7f0406cdbb29b25372c9bcdd80d,25597.025272,6,1,1,2026-04-07 21:16:03+00:00,2026-04-07 21:16:03+00:00,19999.999998,0.0,1407.9834,4189.0418740000005,1,0,2,3,21407.983398,4189.0418740000005,-17218.941524,NO (no ceasefire)
0x44c1dfe43260c94ed4f1d00de2e1f80fb113ebc1,25497.09421,4,3,1,2026-04-07 19:10:13+00:00,2026-04-07 19:23:19+00:00,22796.67829,0.0,2700.41592,0.0,3,0,1,0,25497.09421,0.0,-25497.09421,NO (no ceasefire)
0x744c072005bde6ddab8764a7477f61d3d22ae37f,25068.562861,12,6,1,2026-04-07 19:59:21+00:00,2026-04-07 22:01:29+00:00,18338.032433,0.0,6730.530428,0.0,6,0,6,0,25068.562861,0.0,-25068.562861,NO (no ceasefire)
0x54b56146656e7eef9da02b3a030c18e06e924b31,24548.676267,25,22,1,2026-04-07 20:28:27+00:00,2026-04-07 22:14:17+00:00,7940.578557,8713.58779,5629.79851,2264.71141,10,9,5,1,13570.377067,10978.299200000001,-2592.077866999998,NO (no ceasefire)
0xc525bfe405172342fc3d182af8a8713a2fef396f,24390.01509,2,2,1,2026-04-07 19:41:37+00:00,2026-04-07 19:44:45+00:00,24390.01509,0.0,0.0,0.0,2,0,0,0,24390.01509,0.0,-24390.01509,NO (no ceasefire)
0x6725b3b76e0c212be72b1479ad97fe534b667160,24250.955996,4,1,1,2026-04-07 20:17:45+00:00,2026-04-07 20:17:45+00:00,12757.119998,0.0,11493.835997999999,0.0,1,0,3,0,24250.955996,0.0,-24250.955996,NO (no ceasefire)
0x00425c692a667981118f679ef68fdc775257321e,24230.25686,18,10,1,2026-04-07 19:50:27+00:00,2026-04-07 20:58:07+00:00,0.0,14987.20413,4471.476000000001,4771.576730000001,0,11,4,3,4471.476000000001,19758.78086,15287.304859999998,YES (ceasefire)
0xa022ba0a68e11a78348382ff168601012d4d77f8,24015.586729000002,9,6,1,2026-04-07 20:58:49+00:00,2026-04-07 22:11:39+00:00,16259.399279000001,2531.86621,4608.36042,615.96082,4,2,2,1,20867.759699000002,3147.82703,-17719.932669,NO (no ceasefire)
0x8454f39e7fa6957dfbf1ecc574820ada1c92331a,23303.682984,9,7,1,2026-04-07 20:13:33+00:00,2026-04-07 21:07:41+00:00,18123.999164,0.0,5179.68382,0.0,7,0,2,0,23303.682984,0.0,-23303.682984,NO (no ceasefire)
0xa4bc3bbdac29e51c0c4f8485cd15e36d7478026c,23212.970398999998,12,8,1,2026-04-07 18:33:41+00:00,2026-04-07 21:00:37+00:00,12200.188799,2548.39642,8464.385180000001,0.0,5,3,4,0,20664.573979,2548.39642,-18116.177559,NO (no ceasefire)
0x614dc8d3542c12103d2c6a3553fd761e391d1546,23120.45667,20,8,1,2026-04-07 20:27:51+00:00,2026-04-07 21:44:31+00:00,0.0,11636.84818,5564.459,5919.14949,0,8,7,5,5564.459,17555.99767,11991.538670000002,YES (ceasefire)
0xc31f7154ffdbb8eec0695ca02ff927ff5c192efc,22867.659324,15,13,1,2026-04-07 22:18:57+00:00,2026-04-07 22:24:47+00:00,0.0,21831.534074000003,1036.12525,0.0,0,13,2,0,1036.12525,21831.534074000003,20795.408824000002,YES (ceasefire)
0x58df4f5d434f7390349e6272a1eecf761992b4ad,22540.22798,7,1,1,2026-04-07 21:46:39+00:00,2026-04-07 21:46:39+00:00,0.0,10692.0949,4445.19445,7402.93863,0,1,3,3,4445.19445,18095.03353,13649.839080000002,YES (ceasefire)
0xd2a805f1ff9d1cb1bc89c21c8f9c4aa7254f5c27,22445.212079,13,4,1,2026-04-07 20:58:47+00:00,2026-04-07 22:25:07+00:00,10361.719998,1578.6842390000002,9070.649312,1434.15853,1,2,8,2,19432.369310000002,3012.842769,-16419.526541000003,NO (no ceasefire)
0x80a0da00fbdc8440b0ef601341f14c3e24795708,21670.311241,8,8,1,2026-04-07 20:00:45+00:00,2026-04-07 21:53:37+00:00,21670.311241,0.0,0.0,0.0,8,0,0,0,21670.311241,0.0,-21670.311241,NO (no ceasefire)
0xc56bb8a556aa229598081f261032eb42a71d0e6d,20606.39623,17,15,1,2026-04-07 18:47:45+00:00,2026-04-07 21:13:35+00:00,19252.58323,0.0,1353.813,0.0,15,0,2,0,20606.39623,0.0,-20606.39623,NO (no ceasefire)
0xba2edeb6e896a063f7719da029f2b5e708d4c312,20599.67234,12,4,1,2026-04-07 17:52:23+00:00,2026-04-07 21:03:27+00:00,0.0,7933.04946,11030.82062,1635.80226,0,3,7,2,11030.82062,9568.85172,-1461.9688999999998,NO (no ceasefire)
0xdfe3fedc5c7679be42c3d393e99d4b55247b73c4,20433.620996999998,5,5,1,2026-04-07 20:09:57+00:00,2026-04-07 20:57:27+00:00,20433.620996999998,0.0,0.0,0.0,5,0,0,0,20433.620996999998,0.0,-20433.620996999998,NO (no ceasefire)
0x39ef754824a7d842506757cbfe2d73152175163a,20348.325329,11,3,1,2026-04-07 21:03:13+00:00,2026-04-07 22:19:31+00:00,4293.5615,7704.547329000001,2893.96774,5456.24876,1,2,3,5,7187.52924,13160.796089000001,5973.2668490000015,YES (ceasefire)
0x4a2be7a7e6e3b41dc2de00706b4c09660ca9af20,20287.781159,15,15,1,2026-04-07 19:19:35+00:00,2026-04-07 22:10:51+00:00,11521.58968,4990.191479,3776.0,0.0,7,7,1,0,15297.589680000001,4990.191479,-10307.398201,NO (no ceasefire)
0x4cc25002e1b5d09c1dab0d26dbe2333648829271,20217.073759,7,2,1,2026-04-07 20:57:45+00:00,2026-04-07 21:01:07+00:00,0.0,10192.489678999998,3964.7765,6059.807580000001,0,2,2,3,3964.7765,16252.297258999999,12287.520758999999,YES (ceasefire)
0x200544427dfc822652cb55ca5ca9f99476a9e414,20108.87331,8,7,1,2026-04-07 19:21:55+00:00,2026-04-07 21:59:17+00:00,20108.87331,0.0,0.0,0.0,8,0,0,0,20108.87331,0.0,-20108.87331,NO (no ceasefire)
0x5ecde7348ea5100af4360dd7a6e0a3fb1d420787,19875.992662,5,5,1,2026-04-07 20:49:39+00:00,2026-04-07 20:55:55+00:00,19875.992662,0.0,0.0,0.0,5,0,0,0,19875.992662,0.0,-19875.992662,NO (no ceasefire)
0x91784d82fbe4543459ee85fc9809be185d70a2b2,18282.61963,17,11,1,2026-04-07 19:08:51+00:00,2026-04-07 21:02:11+00:00,0.0,6141.48679,12141.13284,0.0,0,5,12,0,12141.13284,6141.48679,-5999.64605,NO (no ceasefire)
0xc97d8eda52cc7d2d165b9fc53f2d166428951c2e,18186.883130000002,13,9,1,2026-04-07 19:32:19+00:00,2026-04-07 22:29:25+00:00,11206.95424,0.0,6979.92889,0.0,9,0,4,0,18186.883130000002,0.0,-18186.883130000002,NO (no ceasefire)
0x0a6d26d31b28fd5a84c301f8b27296612f3b1d0a,18168.179924,21,19,1,2026-04-07 19:50:57+00:00,2026-04-07 22:07:55+00:00,16731.554924,1436.625,0.0,0.0,19,2,0,0,16731.554924,1436.625,-15294.929924,NO (no ceasefire)
0xa42dcbd880f9b32ad8ea06ef78d3323295f12e9a,18159.400928,10,5,1,2026-04-07 20:35:45+00:00,2026-04-07 20:59:11+00:00,0.0,8217.140549,8158.4933,1783.767079,0,5,4,1,8158.4933,10000.907628,1842.4143280000008,YES (ceasefire)
0xff9987b272e9730e9b23d03d9cee2e49d8d75602,18031.692947,8,2,1,2026-04-07 21:01:53+00:00,2026-04-07 21:46:41+00:00,0.0,9744.019998,1560.21948,6727.453469,0,2,2,4,1560.21948,16471.473467,14911.253987,YES (ceasefire)
0x3e5b23e9f71b2a2edcd5629d3f948f12f591073b,17947.041313,12,11,1,2026-04-07 18:07:41+00:00,2026-04-07 19:20:15+00:00,17947.041313,0.0,0.0,0.0,12,0,0,0,17947.041313,0.0,-17947.041313,NO (no ceasefire)
0xd4140031e313f8d850740a80d2ee6653c925a4db,17692.09462,20,18,1,2026-04-07 20:12:27+00:00,2026-04-07 22:28:01+00:00,16427.01852,0.0,707.2855,557.7906,18,0,1,1,17134.30402,557.7906,-16576.51342,NO (no ceasefire)
0x3968c3d8090406b6d4c6e29308331a9dc3292b0f,17555.477776,7,3,1,2026-04-07 21:04:49+00:00,2026-04-07 21:07:13+00:00,14025.684396,0.0,1826.93838,1702.855,3,0,2,2,15852.622776,1702.855,-14149.767776,NO (no ceasefire)
0x4e25605fd905e9972efc0f4d8814530c655cd7a7,17399.52,10,4,1,2026-04-07 18:25:45+00:00,2026-04-07 19:46:03+00:00,17399.52,0.0,0.0,0.0,10,0,0,0,17399.52,0.0,-17399.52,NO (no ceasefire)
0xeca0c0888e34df59589c67fbe53dc7f298b5e8f8,16497.246728,14,8,1,2026-04-07 21:08:19+00:00,2026-04-07 22:24:53+00:00,4232.4820199999995,6296.415989,1845.3375,4123.011219,4,4,1,5,6077.81952,10419.427208000001,4341.607688000001,YES (ceasefire)
0x7c3db723f1d4d8cb9c550095203b686cb11e5c6b,16463.15388,17,13,1,2026-04-07 19:35:45+00:00,2026-04-07 22:28:31+00:00,10403.30047,1126.98853,4932.86488,0.0,10,2,5,0,15336.165350000001,1126.98853,-14209.17682,NO (no ceasefire)
0xfc2f4f50ce2f6045d35558a5e2d8d4b2ac6610c7,16445.97718,11,6,1,2026-04-07 21:00:23+00:00,2026-04-07 22:10:57+00:00,0.0,8456.352359999999,7208.89242,780.7324,0,6,4,1,7208.89242,9237.08476,2028.1923399999996,YES (ceasefire)
0xc67c310db8677fdbb360ba40eeecb6690c809ad5,16177.499994,5,2,1,2026-04-07 20:17:41+00:00,2026-04-07 20:58:39+00:00,9656.149996,0.0,6521.349998,0.0,2,0,3,0,16177.499994,0.0,-16177.499994,NO (no ceasefire)
0x24c8cf69a0e0a17eee21f69d29752bfa32e823e1,15926.87421,12,10,1,2026-04-07 18:09:19+00:00,2026-04-07 21:54:09+00:00,11500.53121,578.7053,3847.6377,0.0,9,1,2,0,15348.16891,578.7053,-14769.46361,NO (no ceasefire)
0xb6c83e346ab31df6e24bc53ecb6e15c03b75b9e6,15923.32494,4,3,1,2026-04-07 21:59:29+00:00,2026-04-07 22:03:41+00:00,15257.39977,0.0,0.0,665.92517,3,0,0,1,15257.39977,665.92517,-14591.4746,NO (no ceasefire)
0x6103cbf5b98956b1c6c667a6557863b625edf2d9,15895.53977,14,6,1,2026-04-07 19:50:27+00:00,2026-04-07 21:22:55+00:00,0.0,6474.84613,7498.38364,1922.31,0,5,7,2,7498.38364,8397.15613,898.7724899999994,YES (ceasefire)
0x9055a9e36aa73274e3a92dc2dbb081bb4d9e756a,15135.58143,12,10,1,2026-04-07 17:36:21+00:00,2026-04-07 20:02:25+00:00,13325.58143,0.0,1810.0,0.0,10,0,2,0,15135.58143,0.0,-15135.58143,NO (no ceasefire)
0x4128be7113dbca57dd75e7cd2cd508dd9feddc3c,14882.191170000002,5,3,1,2026-04-07 20:42:05+00:00,2026-04-07 20:42:15+00:00,0.0,11919.03597,1684.0992,1279.056,0,3,1,1,1684.0992,13198.091970000001,11513.99277,YES (ceasefire)
0x8a9fe2657238cfce2e3a078bc01ca49bd093e03b,14711.17247,8,4,1,2026-04-07 19:42:53+00:00,2026-04-07 21:03:51+00:00,0.0,4098.32713,10612.84534,0.0,0,2,6,0,10612.84534,4098.32713,-6514.51821,NO (no ceasefire)
0xe472ce6be1fb4673d6155de37e414ead8bace7eb,14676.37477,19,15,1,2026-04-07 17:41:05+00:00,2026-04-07 21:52:19+00:00,13469.487000000001,0.0,1206.88777,0.0,17,0,2,0,14676.37477,0.0,-14676.37477,NO (no ceasefire)
0xa75cb55885d667de343b241d26268ef45981895e,14589.92525,8,6,1,2026-04-07 17:33:53+00:00,2026-04-07 20:12:27+00:00,9386.9149,0.0,5203.0103500000005,0.0,6,0,2,0,14589.92525,0.0,-14589.92525,NO (no ceasefire)
0x68688ec522468e7f8c4ce4c286017c8c3820a90a,14425.671659000001,8,1,1,2026-04-07 22:19:41+00:00,2026-04-07 22:19:41+00:00,0.0,8333.389999,1308.0,4784.281660000001,0,1,2,5,1308.0,13117.671659000001,11809.671659000001,YES (ceasefire)
0x53e55bc7cb3d67ad177c023ce891ad076a9d6177,13855.653234000001,4,3,1,2026-04-07 20:07:47+00:00,2026-04-07 21:16:07+00:00,0.0,9784.763394000001,0.0,4070.88984,0,3,0,1,0.0,13855.653234000001,13855.653234000001,YES (ceasefire)
0xb037428f49817b70269a846fbf0b9329177b500d,13808.13137,9,3,1,2026-04-07 20:58:33+00:00,2026-04-07 22:24:49+00:00,3378.19688,3502.93759,6926.9969,0.0,1,2,6,0,10305.19378,3502.93759,-6802.25619,NO (no ceasefire)
0x0dccfae62418c61d2f9a642e88df39702d8bd87c,13580.69618,6,6,1,2026-04-07 21:45:27+00:00,2026-04-07 22:06:57+00:00,13580.69618,0.0,0.0,0.0,6,0,0,0,13580.69618,0.0,-13580.69618,NO (no ceasefire)
0x8d810bc07d568ab3783a4652e6eb916e711b06ed,13100.211101,9,2,1,2026-04-07 19:38:43+00:00,2026-04-07 19:49:55+00:00,0.0,2894.689999,7547.036103,2658.484999,0,1,7,1,7547.036103,5553.174998,-1993.861105,NO (no ceasefire)
0x1dd197fa8bb4d6887ffecf89b75171aea7d7a156,12980.38565,20,14,1,2026-04-07 19:56:53+00:00,2026-04-07 22:29:41+00:00,12300.18565,680.2,0.0,0.0,19,1,0,0,12300.18565,680.2,-11619.985649999999,NO (no ceasefire)
0x33c2ea1151c4399309715df027688845a6a99818,12877.94394,3,1,1,2026-04-07 19:20:23+00:00,2026-04-07 19:20:23+00:00,8840.8005,0.0,4037.14344,0.0,1,0,2,0,12877.94394,0.0,-12877.94394,NO (no ceasefire)
0x3a13f96b2523501d9180ff2e55c98e82f322726c,12799.77448,2,1,1,2026-04-07 20:58:49+00:00,2026-04-07 20:58:49+00:00,6796.77448,0.0,6003.0,0.0,1,0,1,0,12799.77448,0.0,-12799.77448,NO (no ceasefire)
0x88e2b1b6c7847828fc91af43aba2fee07fb07489,12760.957175,6,4,1,2026-04-07 19:01:57+00:00,2026-04-07 21:42:07+00:00,0.0,3634.258098,9126.699077000001,0.0,0,4,2,0,9126.699077000001,3634.258098,-5492.440979000001,NO (no ceasefire)
0xc6dd722558dbfbd8fa780efcbe819ed8c6604b9f,12626.126898,7,5,1,2026-04-07 20:11:29+00:00,2026-04-07 22:28:59+00:00,8434.802238,1774.32336,709.4295,1707.5718,4,1,1,1,9144.231738,3481.89516,-5662.336578,NO (no ceasefire)
0x7814fea2092726c2d892a65e4fda3bf502ff8d4e,12451.55312,5,3,1,2026-04-07 19:55:21+00:00,2026-04-07 20:06:19+00:00,11272.78857,0.0,0.0,1178.7645499999999,3,0,0,2,11272.78857,1178.7645499999999,-10094.02402,NO (no ceasefire)
0x31e17712a0285b9c2bc8788879bb135091b7c852,12351.856169,13,11,1,2026-04-07 19:52:55+00:00,2026-04-07 21:41:43+00:00,10702.884369,0.0,1648.9718,0.0,11,0,2,0,12351.856169,0.0,-12351.856169,NO (no ceasefire)
0xc84f7e76ec28ef20e7773b7b4926bfb7378be0c5,12293.42728,10,4,1,2026-04-07 20:54:35+00:00,2026-04-07 21:04:35+00:00,0.0,6225.24088,1955.1934999999999,4112.9929,0,4,3,3,1955.1934999999999,10338.23378,8383.040280000001,YES (ceasefire)
0x4c2da46b289847e3e8377c6f4ca3d520c620f8ae,12264.22688,14,12,1,2026-04-07 18:11:15+00:00,2026-04-07 21:59:29+00:00,9823.82987,1344.40053,0.0,1095.99648,10,2,0,2,9823.82987,2440.3970099999997,-7383.43286,NO (no ceasefire)
0x9ddfa4d5b954379a03d19f87df36b9820b862c83,12177.71557,11,10,1,2026-04-07 19:41:37+00:00,2026-04-07 21:28:23+00:00,10790.31007,0.0,1387.4054999999998,0.0,9,0,2,0,12177.71557,0.0,-12177.71557,NO (no ceasefire)
0x74471a007ddcc488f6d57b5e86dfb35a8d48a16d,12096.85375,11,3,1,2026-04-07 21:18:01+00:00,2026-04-07 21:52:19+00:00,0.0,4648.71926,5456.19779,1991.9367000000002,0,3,5,3,5456.19779,6640.65596,1184.4581699999999,YES (ceasefire)
0x5cd5c8d7a17c78d7389d8b87b611aed83322ac33,11994.74157,13,11,1,2026-04-07 21:09:55+00:00,2026-04-07 21:41:23+00:00,10871.21905,0.0,1123.52252,0.0,11,0,2,0,11994.74157,0.0,-11994.74157,NO (no ceasefire)
0xd175599d0034bfeb1c478827d201442048ee46ef,11949.77133,4,1,1,2026-04-07 21:16:07+00:00,2026-04-07 21:16:07+00:00,0.0,5378.62908,2683.5940499999997,3887.5482,0,1,2,1,2683.5940499999997,9266.17728,6582.58323,YES (ceasefire)
0x67d96c2161e28ccc6fd35fef00d2f9812837d57b,11774.738559000001,5,1,1,2026-04-07 19:41:37+00:00,2026-04-07 19:41:37+00:00,0.0,999.999999,10774.73856,0.0,0,1,4,0,10774.73856,999.999999,-9774.738561,NO (no ceasefire)
0x98fbafc00de1b8ba747047835fce1b4c0f5eb06d,11758.036367,4,2,1,2026-04-07 21:24:07+00:00,2026-04-07 21:33:11+00:00,9668.856967,0.0,2089.1794,0.0,2,0,2,0,11758.036367,0.0,-11758.036367,NO (no ceasefire)
0xd3a6e523c440f94f9259398fbcf7b5cc5ccffd55,11655.218979000001,8,8,1,2026-04-07 21:25:15+00:00,2026-04-07 22:14:27+00:00,11655.218979000001,0.0,0.0,0.0,8,0,0,0,11655.218979000001,0.0,-11655.218979000001,NO (no ceasefire)
0x23424dfa86cc17c1aa4917268091ee8214d71928,11583.6616,3,3,1,2026-04-07 21:44:15+00:00,2026-04-07 21:44:59+00:00,0.0,11583.6616,0.0,0.0,0,3,0,0,0.0,11583.6616,11583.6616,YES (ceasefire)
0xfba638c083dcd88a6711a1ffba4352c5431a1fca,11570.55748,4,3,1,2026-04-07 17:36:21+00:00,2026-04-07 19:53:37+00:00,6443.1487400000005,0.0,5127.40874,0.0,3,0,1,0,11570.55748,0.0,-11570.55748,NO (no ceasefire)
0x9d84ce0306f8551e02efef1680475fc0f1dc1344,11510.376779999999,4,3,1,2026-04-07 21:20:47+00:00,2026-04-07 21:20:53+00:00,10461.06484,0.0,1049.31194,0.0,3,0,1,0,11510.376779999999,0.0,-11510.376779999999,NO (no ceasefire)
0xd44e974a3edb232aa4aedbdcc59792b76a5f67e2,11498.651179,8,4,1,2026-04-07 20:55:07+00:00,2026-04-07 22:16:05+00:00,0.0,5185.265499,6313.385679999999,0.0,0,4,4,0,6313.385679999999,5185.265499,-1128.1201809999993,NO (no ceasefire)
0xec5fe39930b0b3b91e5f331927422d4ba2b72a90,11464.572259,7,2,1,2026-04-07 20:24:35+00:00,2026-04-07 22:24:35+00:00,8144.879995,0.0,1939.45795,1380.234314,2,0,3,2,10084.337945,1380.234314,-8704.103631,NO (no ceasefire)
0x621eb2724531f438d2c0f57d8f20ad9ba0886510,11415.033309999999,8,1,1,2026-04-07 19:39:53+00:00,2026-04-07 19:39:53+00:00,0.0,963.759999,10451.273310999999,0.0,0,1,7,0,10451.273310999999,963.759999,-9487.513312,NO (no ceasefire)
0x10fc6c4395bc1690ee6b79a1f0e93a1a0b6b9606,11212.993882,10,9,1,2026-04-07 21:17:43+00:00,2026-04-07 22:22:21+00:00,11212.993882,0.0,0.0,0.0,10,0,0,0,11212.993882,0.0,-11212.993882,NO (no ceasefire)
0x6dd9d5a1fe8021317c477104a0131205ecda8cc1,11178.10786,3,2,1,2026-04-07 21:54:05+00:00,2026-04-07 21:54:23+00:00,5912.09386,0.0,5266.014,0.0,2,0,1,0,11178.10786,0.0,-11178.10786,NO (no ceasefire)
0xfcf2378f20cf408d077c21e731272f21cccea469,10921.910127000001,6,5,1,2026-04-07 19:38:25+00:00,2026-04-07 22:02:21+00:00,10189.622627,0.0,732.2875,0.0,5,0,1,0,10921.910127000001,0.0,-10921.910127000001,NO (no ceasefire)
0x5c4ce2053442cc7b19d300ffd39b7f38cd138131,10838.14724,3,3,1,2026-04-07 19:55:51+00:00,2026-04-07 20:43:23+00:00,10838.14724,0.0,0.0,0.0,3,0,0,0,10838.14724,0.0,-10838.14724,NO (no ceasefire)
0x1f0f115d8021eb7abf23243bd0e6fdabbc456e2e,10619.237378,12,12,1,2026-04-07 20:42:25+00:00,2026-04-07 21:22:55+00:00,10619.237378,0.0,0.0,0.0,12,0,0,0,10619.237378,0.0,-10619.237378,NO (no ceasefire)
0xbc43a2f0deb85ba4ad316300762972089c911540,10584.77268,7,1,1,2026-04-07 21:15:59+00:00,2026-04-07 21:15:59+00:00,0.0,4653.33972,3836.822,2094.61096,0,1,4,2,3836.822,6747.95068,2911.12868,YES (ceasefire)
0xec2672bd9667b322a77c81a8ae681bce1864bf95,10583.11564,6,6,1,2026-04-07 21:13:11+00:00,2026-04-07 21:34:59+00:00,10583.11564,0.0,0.0,0.0,6,0,0,0,10583.11564,0.0,-10583.11564,NO (no ceasefire)
0x997830a202fff4c8812ef119cb41f283e8f0a49e,10475.672727,9,6,1,2026-04-07 22:06:41+00:00,2026-04-07 22:25:33+00:00,0.0,5755.106068,2109.22112,2611.345539,0,5,3,1,2109.22112,8366.451606999999,6257.230486999999,YES (ceasefire)
0x991b8cdcdc18b74eef8db47a9e89ff0f17a4f19a,10393.937914,11,9,1,2026-04-07 19:39:53+00:00,2026-04-07 22:06:35+00:00,7343.714154,770.941,1595.28276,684.0,8,1,1,1,8938.996914,1454.941,-7484.055914,NO (no ceasefire)
0xcf6087abd66e16b59a122d45bfcdc05d4b7247ce,9982.2889,5,4,1,2026-04-07 21:09:17+00:00,2026-04-07 22:09:33+00:00,0.0,8834.0162,0.0,1148.2727,0,4,0,1,0.0,9982.2889,9982.2889,YES (ceasefire)
0x26b46988d027c6c03cfa12a7c0c6d778be49b8a9,9967.0,2,1,1,2026-04-07 21:24:53+00:00,2026-04-07 21:24:53+00:00,0.0,1754.192,8212.808,0.0,0,1,1,0,8212.808,1754.192,-6458.616000000001,NO (no ceasefire)
0x0484ced2f7764c28c0eef3514b48682ee0cde0ee,9739.94741,10,7,1,2026-04-07 20:04:13+00:00,2026-04-07 21:15:59+00:00,0.0,4662.45934,2926.647,2150.84107,0,5,3,2,2926.647,6813.30041,3886.65341,YES (ceasefire)
0x3f93f0437d4c3c2cf4b18d1922244409d3fd7a98,9381.38824,3,1,1,2026-04-07 21:12:03+00:00,2026-04-07 21:12:03+00:00,0.0,2862.37112,5751.78512,767.232,0,1,1,1,5751.78512,3629.6031199999998,-2122.182,NO (no ceasefire)
0xa0b061008fec70b6f7f760ba8dac99daa72ea5fb,9329.095669,9,7,1,2026-04-07 18:30:09+00:00,2026-04-07 22:29:57+00:00,7639.016559,0.0,1169.28931,520.7898,7,0,1,1,8808.305869,520.7898,-8287.516069,NO (no ceasefire)
0xbfe2ca560e558fa0d6868319e88cf84a076c8c49,9288.90394,3,1,1,2026-04-07 21:03:41+00:00,2026-04-07 21:03:41+00:00,5957.12834,0.0,1968.20802,1363.56758,1,0,1,1,7925.33636,1363.56758,-6561.76878,NO (no ceasefire)
0xff9152ac8cb6260419ea8940248177083aceab3a,9282.10944,9,5,1,2026-04-07 19:34:35+00:00,2026-04-07 20:01:39+00:00,8417.52784,0.0,864.5816,0.0,8,0,1,0,9282.10944,0.0,-9282.10944,NO (no ceasefire)
0x9690d9f51b618222c29567c3b39aac2935a5f2d5,9269.4784,10,9,1,2026-04-07 19:40:41+00:00,2026-04-07 22:06:39+00:00,5592.53875,1526.62905,1481.4984,668.8122,6,2,1,1,7074.03715,2195.44125,-4878.5959,NO (no ceasefire)
0x2a3de264d3b8dfebc500c100691c7a41869a2068,9253.38008,4,1,1,2026-04-07 21:44:15+00:00,2026-04-07 21:44:15+00:00,6886.66568,0.0,0.0,2366.7144,1,0,0,3,6886.66568,2366.7144,-4519.95128,NO (no ceasefire)
0xcf22ab2bb263e8c8dc1dc4353dd0320825290d8f,9250.0,2,2,1,2026-04-07 20:33:25+00:00,2026-04-07 20:50:25+00:00,9250.0,0.0,0.0,0.0,2,0,0,0,9250.0,0.0,-9250.0,NO (no ceasefire)
0x93b77008dea1a1a0b3e1768a990a8bb835657d51,9156.65721,13,11,1,2026-04-07 19:50:07+00:00,2026-04-07 21:58:19+00:00,8650.04096,0.0,506.61625,0.0,12,0,1,0,9156.65721,0.0,-9156.65721,NO (no ceasefire)
0x25257a6a89dba93dd0c536b6279365632a4eb919,8832.459200000001,5,5,1,2026-04-07 19:49:55+00:00,2026-04-07 21:01:07+00:00,8832.459200000001,0.0,0.0,0.0,5,0,0,0,8832.459200000001,0.0,-8832.459200000001,NO (no ceasefire)
0xc02147dee42356b7a4edbb1c35ac4ffa95f61fa8,8813.80596,6,5,1,2026-04-07 21:24:13+00:00,2026-04-07 21:45:45+00:00,7129.28553,0.0,0.0,1684.52043,5,0,0,1,7129.28553,1684.52043,-5444.7651000000005,NO (no ceasefire)
0x6edfbe1379ac9e745824a70b37c31e20a0c11011,8789.99669,3,3,1,2026-04-07 22:27:21+00:00,2026-04-07 22:27:27+00:00,8789.99669,0.0,0.0,0.0,3,0,0,0,8789.99669,0.0,-8789.99669,NO (no ceasefire)
0x8517504a1cd364ed5350ca4d5d3c480a03ace731,8614.24782,5,4,1,2026-04-07 21:55:51+00:00,2026-04-07 22:06:37+00:00,6724.2478200000005,0.0,0.0,1890.0,4,0,0,1,6724.2478200000005,1890.0,-4834.2478200000005,NO (no ceasefire)
0x881be7d2c8af74a7e447f366cfaf681122909893,8495.478877000001,8,4,1,2026-04-07 21:03:01+00:00,2026-04-07 22:18:29+00:00,0.0,4087.831338,1268.91988,3138.727659,0,3,2,3,1268.91988,7226.558997,5957.639117000001,YES (ceasefire)
0xdd0a22a520624502c92c8b5138ad70669ca2c642,8425.99822,2,2,1,2026-04-07 19:32:01+00:00,2026-04-07 20:13:33+00:00,8425.99822,0.0,0.0,0.0,2,0,0,0,8425.99822,0.0,-8425.99822,NO (no ceasefire)
0x47ab026767cc320ac6e62f6ec747d59cf4d795df,8404.16472,7,6,1,2026-04-07 19:37:41+00:00,2026-04-07 21:03:57+00:00,6997.16472,0.0,1407.0,0.0,6,0,1,0,8404.16472,0.0,-8404.16472,NO (no ceasefire)
0xf76b8a0b3fd7883f971127f7bc26c80ee0e60062,8382.90797,7,2,1,2026-04-07 18:11:15+00:00,2026-04-07 19:56:51+00:00,0.0,604.06,7778.84797,0.0,0,1,6,0,7778.84797,604.06,-7174.787969999999,NO (no ceasefire)
0xff7ca9cd180d33119e653e3eb50555a3e2ccb233,8366.1371,8,5,1,2026-04-07 18:22:07+00:00,2026-04-07 22:14:51+00:00,0.0,1793.7031299999999,5304.0094,1268.42457,0,2,5,1,5304.0094,3062.1277,-2241.8817,NO (no ceasefire)
0xf1f9a438f2697381b4ac8eb283d6f4dd772d1245,8293.127031,7,5,1,2026-04-07 20:05:17+00:00,2026-04-07 21:49:25+00:00,0.0,4283.127031,3500.0,510.0,0,5,1,1,3500.0,4793.127031,1293.127031,YES (ceasefire)
0xf1554a6292c37db1cd007102b0f55bd7e7ac76bd,8291.4615,2,1,1,2026-04-07 21:34:47+00:00,2026-04-07 21:34:47+00:00,4145.73075,0.0,4145.73075,0.0,1,0,1,0,8291.4615,0.0,-8291.4615,NO (no ceasefire)
0x4c418ee504704cab2fac611ec1fde1041b90d286,8262.864528,2,1,1,2026-04-07 20:47:41+00:00,2026-04-07 20:47:41+00:00,6978.449998,0.0,0.0,1284.41453,1,0,0,1,6978.449998,1284.41453,-5694.035468,NO (no ceasefire)
0x1c72797cd4b9b83f42e287144e334c4de347dfb6,8116.618064,6,6,1,2026-04-07 20:24:41+00:00,2026-04-07 20:53:05+00:00,8116.618064,0.0,0.0,0.0,6,0,0,0,8116.618064,0.0,-8116.618064,NO (no ceasefire)
0x2200b75c27835935a40308779b5656c09ab40f2d,8108.072329999999,7,5,1,2026-04-07 19:24:35+00:00,2026-04-07 20:12:35+00:00,0.0,555.13755,7552.93478,0.0,0,1,6,0,7552.93478,555.13755,-6997.797229999999,NO (no ceasefire)
0xd27cc742d023d06ef633a4c880cf1ff1836ec081,8098.221692,5,2,1,2026-04-07 22:06:15+00:00,2026-04-07 22:06:35+00:00,0.0,3473.112259,4625.1094330000005,0.0,0,2,3,0,4625.1094330000005,3473.112259,-1151.9971740000005,NO (no ceasefire)
0x78ca021aabab0cf8b334001afeafb31ab193d326,7979.9344599999995,3,1,1,2026-04-07 20:01:05+00:00,2026-04-07 20:01:05+00:00,6021.5817,0.0,1422.4,535.95276,1,0,1,1,7443.9817,535.95276,-6908.02894,NO (no ceasefire)
0xe83aff03be2cbeadc9508c90a9175daa7038e270,7946.569998,3,1,1,2026-04-07 21:04:35+00:00,2026-04-07 21:04:35+00:00,6811.369998,0.0,631.2,504.0,1,0,1,1,7442.569998,504.0,-6938.569998,NO (no ceasefire)
0xbed2ee3d98a9405b8164fb0a733b2156bcafd00b,7870.9385,11,11,1,2026-04-07 21:05:37+00:00,2026-04-07 22:19:31+00:00,3626.58374,3571.02688,673.32788,0.0,5,5,1,0,4299.91162,3571.02688,-728.88474,NO (no ceasefire)
0xee0b2e976171ec4a8dba85d2183e32811ccb9dc0,7869.6032780000005,3,1,1,2026-04-07 20:51:35+00:00,2026-04-07 20:51:35+00:00,4626.579998,0.0,3243.02328,0.0,1,0,2,0,7869.6032780000005,0.0,-7869.6032780000005,NO (no ceasefire)
0x5b1dffd5d3eaeab3544c0fe3aa5ccf55f287b3b0,7843.44316,4,3,1,2026-04-07 20:41:15+00:00,2026-04-07 20:44:57+00:00,7125.14138,0.0,718.30178,0.0,3,0,1,0,7843.44316,0.0,-7843.44316,NO (no ceasefire)
0xd902d85156fe7b309c12299375c00d86ea83cdb9,7623.162668000001,7,5,1,2026-04-07 20:16:23+00:00,2026-04-07 21:49:21+00:00,0.0,5498.016268,1456.1464,669.0,0,5,1,1,1456.1464,6167.016268,4710.869868,YES (ceasefire)
0xd0394bd0de8d901c3fde039a86bf08e6aa4a2532,7577.259480000001,2,2,1,2026-04-07 18:15:07+00:00,2026-04-07 18:21:03+00:00,7577.259480000001,0.0,0.0,0.0,2,0,0,0,7577.259480000001,0.0,-7577.259480000001,NO (no ceasefire)
0x27716229514c757b5e8c87dc5d5d1a1cc5c7d030,7508.085658,7,3,1,2026-04-07 20:10:09+00:00,2026-04-07 22:30:59+00:00,0.0,3542.842549,2110.43232,1854.8107889999999,0,3,1,3,2110.43232,5397.653338,3287.221018,YES (ceasefire)
0xa9e64cc5fcda8edc389b1f979922566ff2b91dc2,7212.847249,3,1,1,2026-04-07 20:00:45+00:00,2026-04-07 20:00:45+00:00,0.0,1999.999999,4440.0,772.84725,0,1,1,1,4440.0,2772.847249,-1667.152751,NO (no ceasefire)
0x71eccc269fe6d2969b404e862f9e4a119f2ce48c,7162.804504,4,2,1,2026-04-07 18:46:27+00:00,2026-04-07 19:50:57+00:00,5931.172504,0.0,1231.632,0.0,2,0,2,0,7162.804504,0.0,-7162.804504,NO (no ceasefire)
0x2120ea0323fcf5446233056467fdb852b4b12647,7132.32341,5,4,1,2026-04-07 19:20:29+00:00,2026-04-07 20:28:55+00:00,4526.57096,0.0,2605.75245,0.0,4,0,1,0,7132.32341,0.0,-7132.32341,NO (no ceasefire)
0x682e388668c2da2c40631665dea992b8a72b70bd,7114.256600000001,4,4,1,2026-04-07 20:57:35+00:00,2026-04-07 21:13:59+00:00,0.0,7114.256600000001,0.0,0.0,0,4,0,0,0.0,7114.256600000001,7114.256600000001,YES (ceasefire)
0xc115985a2ec1a736a5b8212a6ad41c5568ba7b4a,7086.263587,4,2,1,2026-04-07 20:11:29+00:00,2026-04-07 20:49:39+00:00,1715.77575,699.999999,4670.487838,0.0,1,1,2,0,6386.263588,699.999999,-5686.263589,NO (no ceasefire)
0x94cf12f33cc258208d641836c5d4741c0ac7d339,6983.72148,6,3,1,2026-04-07 19:23:57+00:00,2026-04-07 22:27:55+00:00,2113.3122,1239.68465,3630.72463,0.0,1,1,4,0,5744.03683,1239.68465,-4504.35218,NO (no ceasefire)
0x5e627f86e1bff9e3742c89f5401e3752355dc577,6913.618084,6,5,1,2026-04-07 19:52:17+00:00,2026-04-07 22:22:21+00:00,0.0,3077.1779340000003,3836.4401500000004,0.0,0,3,3,0,3836.4401500000004,3077.1779340000003,-759.2622160000001,NO (no ceasefire)
0xae8c0a7928da80db160aafb1ddb33103539593cd,6890.9387,5,3,1,2026-04-07 19:53:37+00:00,2026-04-07 19:59:59+00:00,5259.781,0.0,1631.1577000000002,0.0,3,0,2,0,6890.9387,0.0,-6890.9387,NO (no ceasefire)
0x9c4abb471fa36400db43d5fa221c680bf2f24896,6887.515880000001,4,1,1,2026-04-07 21:13:35+00:00,2026-04-07 21:13:35+00:00,0.0,1557.10339,5330.412490000001,0.0,0,1,3,0,5330.412490000001,1557.10339,-3773.3091000000004,NO (no ceasefire)
0xc1c02288a9c39e6299327d2d21784e12cef74cd4,6857.730315,4,1,1,2026-04-07 17:56:57+00:00,2026-04-07 17:56:57+00:00,0.0,0.0,6857.730315,0.0,0,0,4,0,6857.730315,0.0,-6857.730315,NO (no ceasefire)
0xd7ee835cecd49a3f4c0f0c2b2e2382092ecb0e97,6719.274355,9,7,1,2026-04-07 21:21:59+00:00,2026-04-07 22:31:57+00:00,0.0,2857.349037,3861.925318,0.0,0,4,5,0,3861.925318,2857.349037,-1004.5762810000001,NO (no ceasefire)
0xc41fd602ee7c05aa49303e65a5460bcecc907145,6695.038498,2,1,1,2026-04-07 19:40:43+00:00,2026-04-07 19:40:43+00:00,4069.109998,0.0,2625.9285,0.0,1,0,1,0,6695.038498,0.0,-6695.038498,NO (no ceasefire)
0xc0e524c7e58c89b8b8c8a8330697efcfa83d6208,6680.376200000001,4,1,1,2026-04-07 19:21:55+00:00,2026-04-07 19:21:55+00:00,0.0,700.0,5980.376200000001,0.0,0,1,3,0,5980.376200000001,700.0,-5280.376200000001,NO (no ceasefire)
0xc851cd9bee7d262afd78674f861f9f576a12cd2a,6614.3615,3,2,1,2026-04-07 20:55:33+00:00,2026-04-07 21:13:41+00:00,0.0,4557.8763,0.0,2056.4852,0,2,0,1,0.0,6614.3615,6614.3615,YES (ceasefire)
0x9aeb534c42b58b21673d5e03e9da14fbd15b2729,6585.8782,4,1,1,2026-04-07 19:39:33+00:00,2026-04-07 19:39:33+00:00,3292.9391,0.0,3292.9391,0.0,1,0,3,0,6585.8782,0.0,-6585.8782,NO (no ceasefire)
0x7b0b3850eb4a00289a6e00097bc4daeec39cc3df,6486.042916,9,6,1,2026-04-07 21:52:27+00:00,2026-04-07 22:19:41+00:00,0.0,2865.2124089999998,2892.060507,728.77,0,4,4,1,2892.060507,3593.982409,701.921902,YES (ceasefire)
0x5be7f473b425c636f3cc716bbafc1b5a09b01b1d,6472.48936,3,1,1,2026-04-07 20:21:35+00:00,2026-04-07 20:21:35+00:00,5041.24712,0.0,1431.24224,0.0,1,0,2,0,6472.48936,0.0,-6472.48936,NO (no ceasefire)
0x2baa8f678812de02aad60ccfaaf61f24442e647a,6405.099878999999,5,2,1,2026-04-07 21:01:53+00:00,2026-04-07 21:21:15+00:00,0.0,3902.553779,2502.5461,0.0,0,2,3,0,2502.5461,3902.553779,1400.0076789999998,YES (ceasefire)
0xf03e9f1dab5cbcf12a5a597395c791823d28fe3b,6380.57686,5,1,1,2026-04-07 20:01:05+00:00,2026-04-07 20:01:05+00:00,0.0,967.16021,5413.41665,0.0,0,1,4,0,5413.41665,967.16021,-4446.25644,NO (no ceasefire)
0x3257501508b82c2f7aeb914088b6ed089f362f3b,6340.0,5,3,1,2026-04-07 22:19:03+00:00,2026-04-07 22:21:33+00:00,4665.0,0.0,0.0,1675.0,3,0,0,2,4665.0,1675.0,-2990.0,NO (no ceasefire)
0x0481be0c6f8997795c043dcc120970dd5492bfec,6313.646479999999,3,2,1,2026-04-07 18:56:11+00:00,2026-04-07 19:51:59+00:00,3448.64648,0.0,2865.0,0.0,2,0,1,0,6313.646479999999,0.0,-6313.646479999999,NO (no ceasefire)
0x7b4f624f794365240a30d74276077b88e8201bae,6263.166,4,4,1,2026-04-07 21:49:21+00:00,2026-04-07 21:49:27+00:00,6263.166,0.0,0.0,0.0,4,0,0,0,6263.166,0.0,-6263.166,NO (no ceasefire)
0xdf31f30184b4c19d755257cdee2f7bbb3533d532,6256.35586,4,2,1,2026-04-07 21:56:37+00:00,2026-04-07 22:13:25+00:00,0.0,3511.2855,823.53042,1921.53994,0,2,1,1,823.53042,5432.82544,4609.29502,YES (ceasefire)
0x7cf34a7b1eb9ea5fa6597896f6baebff2070b1ba,6156.39546,5,2,1,2026-04-07 20:05:27+00:00,2026-04-07 20:41:27+00:00,0.0,687.82104,5468.57442,0.0,0,1,4,0,5468.57442,687.82104,-4780.75338,NO (no ceasefire)
0xd426adbc3c4461c86099c26221c877f20e42334a,6091.72864,5,3,1,2026-04-07 21:52:35+00:00,2026-04-07 22:26:11+00:00,0.0,4280.84752,0.0,1810.88112,0,3,0,2,0.0,6091.72864,6091.72864,YES (ceasefire)
0x1ef32a87051e18a9c0afceaa143e688481c75b9e,6041.90754,4,1,1,2026-04-07 22:23:23+00:00,2026-04-07 22:23:23+00:00,0.0,2894.70854,2457.199,690.0,0,1,2,1,2457.199,3584.70854,1127.50954,YES (ceasefire)
0x4ea67bdde5af4942a2c8f117730064cbe04ab249,5998.363842,4,2,1,2026-04-07 21:32:43+00:00,2026-04-07 22:10:13+00:00,0.0,2653.140669,3345.2231730000003,0.0,0,2,2,0,3345.2231730000003,2653.140669,-692.0825040000004,NO (no ceasefire)
0xecbeba24a9e7d8fc3091db367f2578e911ac42ff,5944.37868,8,8,1,2026-04-07 21:57:57+00:00,2026-04-07 22:09:53+00:00,0.0,5944.37868,0.0,0.0,0,8,0,0,0.0,5944.37868,5944.37868,YES (ceasefire)
0x6139c42e48cf190e67a0a85d492413b499336b7a,5906.32391,6,5,1,2026-04-07 20:47:03+00:00,2026-04-07 22:17:15+00:00,3521.7707,885.01543,620.0,879.53778,3,1,1,1,4141.7707,1764.55321,-2377.21749,NO (no ceasefire)
0xe071a0f480a05476bccf9c68165249bb1d5cff3e,5852.1709599999995,3,2,1,2026-04-07 20:00:33+00:00,2026-04-07 20:59:37+00:00,0.0,1149.303,4702.86796,0.0,0,1,2,0,4702.86796,1149.303,-3553.5649599999997,NO (no ceasefire)
0x993c072519306017fe9a6b3ee6fa4a02b3056787,5812.9030999999995,8,8,1,2026-04-07 19:18:01+00:00,2026-04-07 21:28:45+00:00,5812.9030999999995,0.0,0.0,0.0,8,0,0,0,5812.9030999999995,0.0,-5812.9030999999995,NO (no ceasefire)
0x0ab1c1f7f8de728dc291f9cb4788dc2a8c517df3,5762.24327,1,1,1,2026-04-07 19:44:09+00:00,2026-04-07 19:44:09+00:00,5762.24327,0.0,0.0,0.0,1,0,0,0,5762.24327,0.0,-5762.24327,NO (no ceasefire)
0xac460e70c11e494a4983b16738933133c5dfdd54,5750.3979039999995,4,2,1,2026-04-07 19:53:49+00:00,2026-04-07 19:54:15+00:00,1757.2591,0.0,3993.138804,0.0,1,0,3,0,5750.3979039999995,0.0,-5750.3979039999995,NO (no ceasefire)
0x3ffe0f919dc7bac333dd33c0d5204bf8d0b426f4,5672.23502,5,5,1,2026-04-07 19:56:53+00:00,2026-04-07 20:06:39+00:00,5672.23502,0.0,0.0,0.0,5,0,0,0,5672.23502,0.0,-5672.23502,NO (no ceasefire)
0x7f0d7e33cc8edc2ac94b5af5a7f21f47459c0018,5662.1911199999995,3,3,1,2026-04-07 21:06:13+00:00,2026-04-07 21:07:41+00:00,5662.1911199999995,0.0,0.0,0.0,3,0,0,0,5662.1911199999995,0.0,-5662.1911199999995,NO (no ceasefire)
0x0c79a8f6ef0c1cbb42de3d87fea7985d67801d00,5648.01383,7,5,1,2026-04-07 20:51:55+00:00,2026-04-07 22:07:09+00:00,616.86618,853.00669,4178.14096,0.0,1,1,5,0,4795.00714,853.00669,-3942.0004499999995,NO (no ceasefire)
0x0eea29de2a8be9e866fd75a7b9f148ebbeac726b,5647.9839,2,2,1,2026-04-07 19:35:41+00:00,2026-04-07 19:35:43+00:00,5647.9839,0.0,0.0,0.0,2,0,0,0,5647.9839,0.0,-5647.9839,NO (no ceasefire)
0x0dd60a6ddeea6f93659789cac7af6a9d12835f62,5600.15986,6,5,1,2026-04-07 19:19:57+00:00,2026-04-07 20:44:51+00:00,4994.95684,0.0,605.20302,0.0,5,0,1,0,5600.15986,0.0,-5600.15986,NO (no ceasefire)
0x5d05b1f588780423488a09d9aefeb64df54d6320,5591.68521,6,4,1,2026-04-07 19:47:05+00:00,2026-04-07 21:53:07+00:00,4234.72821,0.0,1356.9569999999999,0.0,4,0,2,0,5591.68521,0.0,-5591.68521,NO (no ceasefire)
0xe193b6a5551945fb3cc3c21e06ad8e04667ccc85,5579.979149000001,6,6,1,2026-04-07 21:10:59+00:00,2026-04-07 22:12:25+00:00,0.0,5579.979149000001,0.0,0.0,0,6,0,0,0.0,5579.979149000001,5579.979149000001,YES (ceasefire)
0xf71f4fd25ad343606725ff3fc09f8bcff450043a,5520.0,4,4,1,2026-04-07 22:06:15+00:00,2026-04-07 22:06:29+00:00,5520.0,0.0,0.0,0.0,4,0,0,0,5520.0,0.0,-5520.0,NO (no ceasefire)
0x1fa1be3eab546e06e4290839bf4c1d7abfbf1fa9,5514.24665,1,1,1,2026-04-07 19:39:37+00:00,2026-04-07 19:39:37+00:00,0.0,0.0,5514.24665,0.0,0,0,1,0,5514.24665,0.0,-5514.24665,NO (no ceasefire)
0xdaef2be2a19ad331737d06545f85615b094554e9,5508.00291,6,6,1,2026-04-07 21:16:03+00:00,2026-04-07 22:13:53+00:00,0.0,4554.53291,953.47,0.0,0,5,1,0,953.47,4554.53291,3601.0629099999996,YES (ceasefire)
0x356a4d442633db11a26df5fc01b51b7c03f117e7,5473.28032,3,1,1,2026-04-07 22:24:49+00:00,2026-04-07 22:24:49+00:00,3527.31424,0.0,970.5,975.46608,1,0,1,1,4497.81424,975.46608,-3522.3481599999996,NO (no ceasefire)
0x30be3916c0ee0d31dd27b4bfd1fb2f3c3c4b4e33,5415.233098000001,2,1,1,2026-04-07 22:11:39+00:00,2026-04-07 22:11:39+00:00,3599.999999,0.0,1815.233099,0.0,1,0,1,0,5415.233098000001,0.0,-5415.233098000001,NO (no ceasefire)
0x5e5bc12f7a91cfe806caf4c858dcd5fde8edfccd,5410.555136,2,1,1,2026-04-07 18:54:23+00:00,2026-04-07 18:54:23+00:00,0.0,0.0,5410.555136,0.0,0,0,2,0,5410.555136,0.0,-5410.555136,NO (no ceasefire)
0x4c3e6e95c99a866a9c9c4c2417aeadb43be88af2,5404.586179,4,4,1,2026-04-07 21:04:15+00:00,2026-04-07 21:16:17+00:00,5404.586179,0.0,0.0,0.0,4,0,0,0,5404.586179,0.0,-5404.586179,NO (no ceasefire)
0x6a8328b1ae11569f7b27600073558879885e4c59,5397.57949,5,3,1,2026-04-07 19:46:03+00:00,2026-04-07 21:04:03+00:00,0.0,2989.78843,873.69396,1534.0971,0,3,1,1,873.69396,4523.88553,3650.1915699999995,YES (ceasefire)
0xbc605ab11e44f0b09762313f2cdfb6b25514af79,5395.71,4,2,1,2026-04-07 21:39:49+00:00,2026-04-07 21:42:45+00:00,3172.0,0.0,2223.71,0.0,2,0,2,0,5395.71,0.0,-5395.71,NO (no ceasefire)
0x3fd0190eb137e335db080b9855f90c86849f0022,5364.97792,2,2,1,2026-04-07 22:06:57+00:00,2026-04-07 22:17:43+00:00,5364.97792,0.0,0.0,0.0,2,0,0,0,5364.97792,0.0,-5364.97792,NO (no ceasefire)
0x4e450c1e2a208e366097cbb0d7c70f0094006f64,5348.96134,5,3,1,2026-04-07 21:37:59+00:00,2026-04-07 21:46:41+00:00,3952.87568,0.0,828.39606,567.6896,3,0,1,1,4781.27174,567.6896,-4213.58214,NO (no ceasefire)
0x2d1b894074fa4c26f5afc0b8b7405a35c758f055,5339.75044,5,2,1,2026-04-07 18:41:15+00:00,2026-04-07 21:09:31+00:00,0.0,790.73884,4549.0116,0.0,0,1,4,0,4549.0116,790.73884,-3758.27276,NO (no ceasefire)
0xa289b3324a891d5cab24c92adde4aba24989d95c,5338.52919,7,4,1,2026-04-07 20:06:25+00:00,2026-04-07 21:03:51+00:00,4028.72047,0.0,1309.80872,0.0,5,0,2,0,5338.52919,0.0,-5338.52919,NO (no ceasefire)
0x858b9392b7c1d0c74696667124392e780846821d,5182.6962,3,3,1,2026-04-07 20:08:19+00:00,2026-04-07 21:21:15+00:00,5182.6962,0.0,0.0,0.0,3,0,0,0,5182.6962,0.0,-5182.6962,NO (no ceasefire)
0xf31b74c1f464a97aa775e19195f94e125092241b,5090.5586,4,3,1,2026-04-07 19:34:35+00:00,2026-04-07 19:52:07+00:00,4506.91212,0.0,583.64648,0.0,3,0,1,0,5090.5586,0.0,-5090.5586,NO (no ceasefire)
0x491d9291d49322840b1117fd02902326963af42b,5084.79427,4,3,1,2026-04-07 21:57:21+00:00,2026-04-07 22:02:13+00:00,4245.72227,0.0,839.072,0.0,3,0,1,0,5084.79427,0.0,-5084.79427,NO (no ceasefire)
0xcd7362040aa08ebb814f1a3016bb35ccdf6a97cd,4992.0,1,1,1,2026-04-07 20:43:23+00:00,2026-04-07 20:43:23+00:00,0.0,4992.0,0.0,0.0,0,1,0,0,0.0,4992.0,4992.0,YES (ceasefire)
0x79bf43cbd005a51e25bafa4abe3f51a3c8ba96a8,4970.38453,4,2,1,2026-04-07 20:44:15+00:00,2026-04-07 20:47:41+00:00,0.0,2864.3845300000003,842.0,1264.0,0,2,1,1,842.0,4128.38453,3286.3845300000003,YES (ceasefire)
0x871ca3cbaa498578a429250d6a5622d08d7da84f,4969.152,1,1,1,2026-04-07 19:56:53+00:00,2026-04-07 19:56:53+00:00,4969.152,0.0,0.0,0.0,1,0,0,0,4969.152,0.0,-4969.152,NO (no ceasefire)
0xe24f4d2cd4c533dda10eea5392bb791f3ffebae5,4924.064324999999,6,3,1,2026-04-07 20:52:23+00:00,2026-04-07 21:28:41+00:00,0.0,578.359999,4345.704326,0.0,0,1,5,0,4345.704326,578.359999,-3767.344327,NO (no ceasefire)
0xb416b22084be9d13d8854dba5de26b6e953bc7a1,4909.256194,4,3,1,2026-04-07 20:09:21+00:00,2026-04-07 22:22:13+00:00,4309.256196,0.0,599.999998,0.0,3,0,1,0,4909.256194,0.0,-4909.256194,NO (no ceasefire)
0x696a0f103aab2daa93f0c7124bdfbbf19851e23a,4892.807298,2,2,1,2026-04-07 20:17:41+00:00,2026-04-07 20:59:15+00:00,4280.807298,0.0,612.0,0.0,1,0,1,0,4892.807298,0.0,-4892.807298,NO (no ceasefire)
0x3d59d8fe999ea15f8c389eb5b49474c8ec3664df,4860.06981,6,2,1,2026-04-07 20:37:59+00:00,2026-04-07 20:38:57+00:00,0.0,1029.944,3830.12581,0.0,0,1,5,0,3830.12581,1029.944,-2800.18181,NO (no ceasefire)
0xe802762155a545c8f1b9b3d5d648ad76f4efe465,4785.0477,4,1,1,2026-04-07 18:43:53+00:00,2026-04-07 18:43:53+00:00,2404.32385,0.0,2380.72385,0.0,1,0,3,0,4785.0477,0.0,-4785.0477,NO (no ceasefire)
0xdbade4c82fb72780a0db9a38f821d8671aba9c95,4754.995924,3,3,1,2026-04-07 19:08:41+00:00,2026-04-07 19:08:51+00:00,4754.995924,0.0,0.0,0.0,3,0,0,0,4754.995924,0.0,-4754.995924,NO (no ceasefire)
0x2d99e29c4f066ba32098c65e4c7454b277d94ca3,4752.27654,6,6,1,2026-04-07 20:21:45+00:00,2026-04-07 20:56:23+00:00,4752.27654,0.0,0.0,0.0,6,0,0,0,4752.27654,0.0,-4752.27654,NO (no ceasefire)
0x9dbc929c6188230124feeb7b8d5459270be7245d,4732.72716,4,2,1,2026-04-07 20:53:45+00:00,2026-04-07 20:54:23+00:00,3337.71127,0.0,1395.0158900000001,0.0,2,0,2,0,4732.72716,0.0,-4732.72716,NO (no ceasefire)
0xef9f447115075a4a8b7edd8eac47a64e094179ee,4685.28671,6,5,1,2026-04-07 22:02:45+00:00,2026-04-07 22:19:15+00:00,0.0,4015.2867100000003,0.0,670.0,0,5,0,1,0.0,4685.28671,4685.28671,YES (ceasefire)
0x8f2f04f6a10a8ffadb8b39999b5b3ef40adeb226,4667.29687,4,4,1,2026-04-07 20:41:27+00:00,2026-04-07 21:46:39+00:00,4667.29687,0.0,0.0,0.0,4,0,0,0,4667.29687,0.0,-4667.29687,NO (no ceasefire)
0x70793cdca65620cd7dc398cd40ac4bd6489fda28,4628.568928,6,2,1,2026-04-07 20:17:13+00:00,2026-04-07 22:07:05+00:00,0.0,1608.569998,2225.0034,794.99553,0,2,3,1,2225.0034,2403.565528,178.56212800000003,YES (ceasefire)
0x0aa95ca0754923bc369d20f76dd3e9473bccbab4,4588.61808,5,2,1,2026-04-07 20:26:11+00:00,2026-04-07 21:04:07+00:00,0.0,961.9868,2972.63128,654.0,0,1,3,1,2972.63128,1615.9868000000001,-1356.64448,NO (no ceasefire)
0xd1acd3925d895de9aec98ff95f3a30c5279d08d5,4585.374,2,2,1,2026-04-07 20:59:01+00:00,2026-04-07 22:04:09+00:00,0.0,4585.374,0.0,0.0,0,2,0,0,0.0,4585.374,4585.374,YES (ceasefire)
0x6ffb4354cbe6e0f9989e3b55564ec5fb8646a834,4546.23897,3,3,1,2026-04-07 21:49:33+00:00,2026-04-07 22:07:55+00:00,4546.23897,0.0,0.0,0.0,3,0,0,0,4546.23897,0.0,-4546.23897,NO (no ceasefire)
0x94eb0ee9ff35f5b14f8d3c3be3967e9deba837e6,4534.89247,3,3,1,2026-04-07 21:01:07+00:00,2026-04-07 21:03:35+00:00,0.0,4534.89247,0.0,0.0,0,3,0,0,0.0,4534.89247,4534.89247,YES (ceasefire)
0xc967d7e99844d09a0d7710d7f92e2c03a863b5b9,4523.128979,4,3,1,2026-04-07 19:47:05+00:00,2026-04-07 21:50:25+00:00,0.0,1779.6013790000002,2743.5276000000003,0.0,0,2,2,0,2743.5276000000003,1779.6013790000002,-963.9262210000002,NO (no ceasefire)
0x60a92c8620846d81f5ea17b0564e0d4b7c545a71,4427.35975,3,3,1,2026-04-07 20:13:51+00:00,2026-04-07 22:07:57+00:00,3230.36374,1196.99601,0.0,0.0,2,1,0,0,3230.36374,1196.99601,-2033.3677299999997,NO (no ceasefire)
0x42952215f4ed177bb1b6203e0dfb78dcfffec4c9,4425.7912,2,1,1,2026-04-07 21:08:47+00:00,2026-04-07 21:08:47+00:00,0.0,1111.41464,3314.37656,0.0,0,1,1,0,3314.37656,1111.41464,-2202.96192,NO (no ceasefire)
0x5aca169bd3e56fa1d0a48d27ffefc7f8e95194d0,4409.17692,3,1,1,2026-04-07 21:01:51+00:00,2026-04-07 21:01:51+00:00,0.0,2370.5774,654.70405,1383.89547,0,1,1,1,654.70405,3754.47287,3099.7688200000002,YES (ceasefire)
0x4386ce4724b9d1bcba35928ecff1bce81bb6e629,4391.565632,5,2,1,2026-04-07 20:49:49+00:00,2026-04-07 21:13:29+00:00,0.0,682.2721,3709.293532,0.0,0,1,4,0,3709.293532,682.2721,-3027.021432,NO (no ceasefire)
0x0d968f77a4df7236535cc0b235151a97fa000c7f,4373.17244,2,1,1,2026-04-07 21:55:59+00:00,2026-04-07 21:55:59+00:00,2342.33622,0.0,2030.83622,0.0,1,0,1,0,4373.17244,0.0,-4373.17244,NO (no ceasefire)
0xcc6e0ef500f1acea5df228a5b4f4dc97218cfa6f,4360.349998,2,1,1,2026-04-07 22:15:35+00:00,2026-04-07 22:15:35+00:00,3577.149998,0.0,0.0,783.2,1,0,0,1,3577.149998,783.2,-2793.949998,NO (no ceasefire)
0xe9d54da2c77d27b6daa31c346794b22d10986b9a,4206.47695,4,4,1,2026-04-07 21:44:59+00:00,2026-04-07 21:52:25+00:00,4206.47695,0.0,0.0,0.0,4,0,0,0,4206.47695,0.0,-4206.47695,NO (no ceasefire)
0x320111b50e1c1b1174031939bd87771fefae6634,4194.3036,5,4,1,2026-04-07 21:54:47+00:00,2026-04-07 21:56:09+00:00,0.0,3670.15746,0.0,524.14614,0,4,0,1,0.0,4194.3036,4194.3036,YES (ceasefire)
0xc97b0b2a2547bb3ed57167092ef8a6e816c347e5,4172.438301,4,4,1,2026-04-07 21:32:27+00:00,2026-04-07 21:52:31+00:00,4172.438301,0.0,0.0,0.0,4,0,0,0,4172.438301,0.0,-4172.438301,NO (no ceasefire)
0x184f78bcc7fe1a877f6a3b3c98bc21ea184e3728,4069.463202,6,5,1,2026-04-07 18:38:13+00:00,2026-04-07 22:26:47+00:00,2665.2789629999997,684.939999,719.24424,0.0,4,1,1,0,3384.5232029999997,684.939999,-2699.5832039999996,NO (no ceasefire)
0xd10f60b88b8528db901b0fb7aecc07aa820cf12f,4039.427769,4,1,1,2026-04-07 21:12:19+00:00,2026-04-07 21:12:19+00:00,0.0,2099.999999,1939.42777,0.0,0,1,3,0,1939.42777,2099.999999,160.5722290000001,YES (ceasefire)
0xcfb502224876900f577704a19580ec67f0877d2d,4014.15444,3,2,1,2026-04-07 20:26:35+00:00,2026-04-07 20:59:57+00:00,1607.03244,0.0,2407.122,0.0,1,0,2,0,4014.15444,0.0,-4014.15444,NO (no ceasefire)
0x5a4074a7e688892779cb0ca392f3508ac0764093,3999.691152,5,3,1,2026-04-07 20:13:51+00:00,2026-04-07 20:59:33+00:00,0.0,1777.6641,2222.027052,0.0,0,2,3,0,2222.027052,1777.6641,-444.36295199999995,NO (no ceasefire)
0xeff9837de49ff99f1a2e5f7fa03e27a07b3c05fd,3973.3835990000002,4,2,1,2026-04-07 21:49:55+00:00,2026-04-07 22:05:23+00:00,0.0,2235.575359,0.0,1737.8082399999998,0,2,0,2,0.0,3973.3835990000002,3973.3835990000002,YES (ceasefire)
0x73192b9597c4496f8c338b36239bdf4218ac0299,3961.169669,5,5,1,2026-04-07 21:58:27+00:00,2026-04-07 22:13:13+00:00,3961.169669,0.0,0.0,0.0,5,0,0,0,3961.169669,0.0,-3961.169669,NO (no ceasefire)
0x755519c3a4a69469f488197fbd39b12f70b3ecc5,3894.5305,2,2,1,2026-04-07 21:53:21+00:00,2026-04-07 21:53:51+00:00,0.0,3894.5305,0.0,0.0,0,2,0,0,0.0,3894.5305,3894.5305,YES (ceasefire)
0x29abf7a025ffd8f904a06b193ef963bc9788a640,3890.4999980000002,4,2,1,2026-04-07 21:13:59+00:00,2026-04-07 21:31:55+00:00,0.0,2000.4999990000001,0.0,1889.9999990000001,0,2,0,2,0.0,3890.4999980000002,3890.4999980000002,YES (ceasefire)
0xf0bf7489e94705d8ecf3e823dda63dea027684c7,3841.31067,3,2,1,2026-04-07 21:14:47+00:00,2026-04-07 21:18:41+00:00,0.0,1238.38827,2602.9224,0.0,0,2,1,0,2602.9224,1238.38827,-1364.53413,NO (no ceasefire)
0x88b298bba500c29627291ba78f1fcdba110bf7a2,3806.0047400000003,4,3,1,2026-04-07 19:51:07+00:00,2026-04-07 20:46:15+00:00,0.0,1332.92506,1703.2816,769.79808,0,2,1,1,1703.2816,2102.72314,399.44154000000003,YES (ceasefire)
0x5cd938d3b1bf3009173ae7e36c5d83a2354efeb7,3803.101674,4,3,1,2026-04-07 21:32:45+00:00,2026-04-07 22:01:15+00:00,3079.101674,0.0,0.0,724.0,3,0,0,1,3079.101674,724.0,-2355.101674,NO (no ceasefire)
0x7db2ee2b58c0eb9dc908d0b261852a37002c3ce5,3800.24382,3,2,1,2026-04-07 21:05:59+00:00,2026-04-07 21:36:13+00:00,3032.24382,0.0,768.0,0.0,2,0,1,0,3800.24382,0.0,-3800.24382,NO (no ceasefire)
0xa17325d33b095b6bb48d475a3578fecbdff73315,3760.0,3,3,1,2026-04-07 18:25:45+00:00,2026-04-07 19:39:33+00:00,3760.0,0.0,0.0,0.0,3,0,0,0,3760.0,0.0,-3760.0,NO (no ceasefire)
0xc3f975e6141d597bf5c28ac8fd2a6a035111cf37,3700.5035399999997,2,1,1,2026-04-07 21:06:13+00:00,2026-04-07 21:06:13+00:00,1872.66177,0.0,1827.84177,0.0,1,0,1,0,3700.5035399999997,0.0,-3700.5035399999997,NO (no ceasefire)
0xd26a404a3c2b17f7d552dab5798815a0a0468f24,3700.4928,3,1,1,2026-04-07 17:53:57+00:00,2026-04-07 17:53:57+00:00,0.0,0.0,3700.4928,0.0,0,0,3,0,3700.4928,0.0,-3700.4928,NO (no ceasefire)
0x310df55cec35129862d4e26caa0fa300873fad67,3699.413654,4,2,1,2026-04-07 19:26:53+00:00,2026-04-07 19:39:09+00:00,1999.999996,0.0,1699.413658,0.0,2,0,2,0,3699.413654,0.0,-3699.413654,NO (no ceasefire)
0x9a6c22fbff8c6819ac29213cdfe934eb509340f7,3675.96,3,1,1,2026-04-07 18:15:07+00:00,2026-04-07 18:15:07+00:00,0.0,0.0,3675.96,0.0,0,0,3,0,3675.96,0.0,-3675.96,NO (no ceasefire)
0x77b0b896910b3388e01708521d1f92d1f5c2ba0b,3633.9999989999997,3,1,1,2026-04-07 20:55:19+00:00,2026-04-07 20:55:19+00:00,0.0,1499.999999,2134.0,0.0,0,1,2,0,2134.0,1499.999999,-634.0000010000001,NO (no ceasefire)
0xe620cb7c6a2f8858f7f67fad033628a4057003ac,3630.209507,3,3,1,2026-04-07 20:14:53+00:00,2026-04-07 22:07:45+00:00,3630.209507,0.0,0.0,0.0,3,0,0,0,3630.209507,0.0,-3630.209507,NO (no ceasefire)
0x3f216ba174ce77d2b891cf3a2c4747ca06cf3bce,3627.5895,2,2,1,2026-04-07 18:07:21+00:00,2026-04-07 18:07:41+00:00,0.0,0.0,3627.5895,0.0,0,0,2,0,3627.5895,0.0,-3627.5895,NO (no ceasefire)
0xfc8dce60c93690dd7a22b0024693294f0afe55c5,3616.40829,6,5,1,2026-04-07 21:41:51+00:00,2026-04-07 21:46:31+00:00,3097.16967,0.0,519.23862,0.0,5,0,1,0,3616.40829,0.0,-3616.40829,NO (no ceasefire)
0x0dc5a561af3e3d14bec8b8fc7ef2c0776252a303,3610.50591,4,3,1,2026-04-07 20:01:27+00:00,2026-04-07 22:10:29+00:00,0.0,1034.78379,1541.4045,1034.31762,0,1,2,1,1541.4045,2069.10141,527.6969100000001,YES (ceasefire)
0xfb5148fc7223630e0967dbfa8cd920d83ab4742d,3607.9574000000002,4,4,1,2026-04-07 18:25:45+00:00,2026-04-07 19:46:45+00:00,3607.9574000000002,0.0,0.0,0.0,4,0,0,0,3607.9574000000002,0.0,-3607.9574000000002,NO (no ceasefire)
0x048215305cbcf7cc790735bf00119551d75c6b0a,3606.6686,3,1,1,2026-04-07 19:29:51+00:00,2026-04-07 19:29:51+00:00,0.0,0.0,3606.6686,0.0,0,0,3,0,3606.6686,0.0,-3606.6686,NO (no ceasefire)
0x4c380b97e5bedbb717a47781b5283d40ac6e91b7,3606.5170900000003,4,4,1,2026-04-07 22:24:49+00:00,2026-04-07 22:29:25+00:00,3606.5170900000003,0.0,0.0,0.0,4,0,0,0,3606.5170900000003,0.0,-3606.5170900000003,NO (no ceasefire)
0x8c76c4787bf236398d2d1a42dd3e8af1393206ac,3592.17477,5,3,1,2026-04-07 17:33:31+00:00,2026-04-07 19:32:01+00:00,3592.17477,0.0,0.0,0.0,5,0,0,0,3592.17477,0.0,-3592.17477,NO (no ceasefire)
0xd28021317c1be36239e8d930dee7d6c3a40082b3,3583.66132,4,4,1,2026-04-07 19:22:43+00:00,2026-04-07 19:27:59+00:00,3583.66132,0.0,0.0,0.0,4,0,0,0,3583.66132,0.0,-3583.66132,NO (no ceasefire)
0x067d3da0516367dd7b71cf7ee919c37a9f9aa24e,3551.12748,4,4,1,2026-04-07 20:19:17+00:00,2026-04-07 21:46:39+00:00,3551.12748,0.0,0.0,0.0,4,0,0,0,3551.12748,0.0,-3551.12748,NO (no ceasefire)
0xe4b819f0244e3e72997781846bf0e57efb892256,3511.500939,4,3,1,2026-04-07 21:56:03+00:00,2026-04-07 22:08:15+00:00,0.0,2859.151899,0.0,652.34904,0,3,0,1,0.0,3511.500939,3511.500939,YES (ceasefire)
0xa8c63f775ddbbe66b56614191747def3021444e8,3482.99745,5,4,1,2026-04-07 20:33:25+00:00,2026-04-07 21:52:01+00:00,3482.99745,0.0,0.0,0.0,5,0,0,0,3482.99745,0.0,-3482.99745,NO (no ceasefire)
0xa59c570a9eca148da55f6e1f47a538c0c600bb62,3451.41316,5,4,1,2026-04-07 19:53:49+00:00,2026-04-07 20:59:21+00:00,2771.41316,0.0,680.0,0.0,4,0,1,0,3451.41316,0.0,-3451.41316,NO (no ceasefire)
0x9fb66c639b95e83d1690dcdf523f721080deac56,3441.750046,4,3,1,2026-04-07 21:03:49+00:00,2026-04-07 22:09:47+00:00,2847.750047,0.0,593.999999,0.0,3,0,1,0,3441.750046,0.0,-3441.750046,NO (no ceasefire)
0xfacd5eb6566d469f71fb42415177c74eb27d9109,3436.8238799999995,3,2,1,2026-04-07 19:24:33+00:00,2026-04-07 19:24:35+00:00,2833.0772399999996,0.0,603.74664,0.0,2,0,1,0,3436.8238799999995,0.0,-3436.8238799999995,NO (no ceasefire)
0xf4baccff188321440a1ed01a5d5fd89c3e1f5933,3408.0624399999997,4,2,1,2026-04-07 20:21:45+00:00,2026-04-07 20:24:51+00:00,0.0,0.0,3408.0624399999997,0.0,0,0,4,0,3408.0624399999997,0.0,-3408.0624399999997,NO (no ceasefire)
0xcd9f22d24c674f82d67fd545a3ef596173c72661,3406.7003999999997,2,1,1,2026-04-07 22:02:13+00:00,2026-04-07 22:02:13+00:00,0.0,1282.0284,2124.672,0.0,0,1,1,0,2124.672,1282.0284,-842.6436000000001,NO (no ceasefire)
0x12acdd2a2be42b9410211132d45ac3ba91158669,3399.1555,4,1,1,2026-04-07 20:13:21+00:00,2026-04-07 20:13:21+00:00,0.0,1053.0755,1666.08,680.0,0,1,2,1,1666.08,1733.0755,66.99549999999999,YES (ceasefire)
0x987645e78d6b3ed01d69289a5fd4b140bea71e66,3381.45584,2,2,1,2026-04-07 18:20:35+00:00,2026-04-07 18:37:31+00:00,3381.45584,0.0,0.0,0.0,2,0,0,0,3381.45584,0.0,-3381.45584,NO (no ceasefire)
0x8bdbcbbd479206ee1a7bcc90f6febbe10b95b627,3370.3974,2,2,1,2026-04-07 20:33:29+00:00,2026-04-07 20:33:31+00:00,3370.3974,0.0,0.0,0.0,2,0,0,0,3370.3974,0.0,-3370.3974,NO (no ceasefire)
0x405d101990061ace64f03847378ee0e07919025e,3322.5,3,1,1,2026-04-07 21:49:33+00:00,2026-04-07 21:49:33+00:00,0.0,999.9,2322.6,0.0,0,1,2,0,2322.6,999.9,-1322.6999999999998,NO (no ceasefire)
0xd51bf2e4d798adc92df0f303ec341abce4b49606,3315.674084,3,3,1,2026-04-07 21:15:59+00:00,2026-04-07 21:43:49+00:00,3315.674084,0.0,0.0,0.0,3,0,0,0,3315.674084,0.0,-3315.674084,NO (no ceasefire)
0x7a6192ea6815d3177e978dd3f8c38be5f575af24,3256.5,1,1,1,2026-04-07 20:13:51+00:00,2026-04-07 20:13:51+00:00,3256.5,0.0,0.0,0.0,1,0,0,0,3256.5,0.0,-3256.5,NO (no ceasefire)
0x7b4550716f8416e4c632a50352d80d7647a9e56a,3220.71,2,1,1,2026-04-07 22:19:27+00:00,2026-04-07 22:19:27+00:00,2146.22095,0.0,0.0,1074.48905,1,0,0,1,2146.22095,1074.48905,-1071.7319,NO (no ceasefire)
0x91b13b0a8598d55b43e83cadd0e3cd5d66e6cee1,3209.54954,3,1,1,2026-04-07 21:43:49+00:00,2026-04-07 21:43:49+00:00,0.0,999.999999,2209.5495410000003,0.0,0,1,2,0,2209.5495410000003,999.999999,-1209.5495420000002,NO (no ceasefire)
0xbad26fe5458e6219cec3e40272760e275e835296,3184.6427,4,4,1,2026-04-07 19:14:53+00:00,2026-04-07 21:54:25+00:00,2335.73382,0.0,848.90888,0.0,3,0,1,0,3184.6427,0.0,-3184.6427,NO (no ceasefire)
0x2b78fe66d05bd18cd3300379dd34282fe35e3771,3179.459997,4,2,1,2026-04-07 21:02:29+00:00,2026-04-07 21:07:47+00:00,0.0,1616.959998,941.25,621.249999,0,2,1,1,941.25,2238.209997,1296.959997,YES (ceasefire)
0xe39f823984d874a7baa6f0ccad7bd9132fe2ed6e,3160.627988,3,2,1,2026-04-07 21:20:09+00:00,2026-04-07 21:38:07+00:00,2602.549994,0.0,0.0,558.077994,2,0,0,1,2602.549994,558.077994,-2044.472,NO (no ceasefire)
0x8f69269039b9a401de28a38c2f1c3001364b7df1,3146.03071,3,2,1,2026-04-07 19:20:15+00:00,2026-04-07 19:23:57+00:00,2196.03071,0.0,950.0,0.0,2,0,1,0,3146.03071,0.0,-3146.03071,NO (no ceasefire)
0xdcc47fd06e6cbfd4315ae5da9580e694a8110ba7,3142.075438,4,3,1,2026-04-07 19:12:27+00:00,2026-04-07 20:42:25+00:00,0.0,0.0,3142.075438,0.0,0,0,4,0,3142.075438,0.0,-3142.075438,NO (no ceasefire)
0x74188d571a86382ba69f335e9d6350105c5cab9f,3136.8204189999997,5,2,1,2026-04-07 21:28:45+00:00,2026-04-07 21:54:09+00:00,0.0,1278.630919,1858.1895,0.0,0,2,3,0,1858.1895,1278.630919,-579.558581,NO (no ceasefire)
0xc6393f5177345cf7b9d9f3fbb782fd72da00c5a2,3094.669995,3,2,1,2026-04-07 20:24:55+00:00,2026-04-07 22:02:03+00:00,2097.3799950000002,0.0,997.29,0.0,2,0,1,0,3094.669995,0.0,-3094.669995,NO (no ceasefire)
0x204b4cdc0bc88253c67abc858514ad2864666a5c,3092.30631,3,3,1,2026-04-07 21:58:29+00:00,2026-04-07 22:13:53+00:00,0.0,3092.30631,0.0,0.0,0,3,0,0,0.0,3092.30631,3092.30631,YES (ceasefire)
0x40cfb29411d29f4fa0908f2a121297042cccd21d,3073.68745,3,2,1,2026-04-07 20:36:25+00:00,2026-04-07 20:56:23+00:00,2496.30179,0.0,577.38566,0.0,2,0,1,0,3073.68745,0.0,-3073.68745,NO (no ceasefire)
0xeafc14c8639ef6fbf882b74c3e6de2fe72d10d5c,3071.70108,4,3,1,2026-04-07 19:08:41+00:00,2026-04-07 21:04:45+00:00,0.0,757.5603,1556.58048,757.5603,0,1,2,1,1556.58048,1515.1206,-41.45988000000011,NO (no ceasefire)
0x4b7410aefbf0f38012b0dfb1131a4de147a9e8d7,3060.54648,3,2,1,2026-04-07 22:27:59+00:00,2026-04-07 22:29:41+00:00,2532.54648,0.0,528.0,0.0,2,0,1,0,3060.54648,0.0,-3060.54648,NO (no ceasefire)
0x4e4a7bc21408c206239905923b1714c374b78189,3047.656977,3,2,1,2026-04-07 18:00:11+00:00,2026-04-07 20:18:11+00:00,0.0,0.0,3047.656977,0.0,0,0,3,0,3047.656977,0.0,-3047.656977,NO (no ceasefire)
0x5ca7a775f10a9f5cc4218feebd1398a6c3196149,3037.92814,4,2,1,2026-04-07 20:28:39+00:00,2026-04-07 20:28:55+00:00,1623.93859,0.0,1413.98955,0.0,2,0,2,0,3037.92814,0.0,-3037.92814,NO (no ceasefire)
0x38de80da57b4d02da76f237cf893eadef3ba1b9d,3033.162096,3,1,1,2026-04-07 20:24:43+00:00,2026-04-07 20:24:43+00:00,0.0,0.0,3033.162096,0.0,0,0,3,0,3033.162096,0.0,-3033.162096,NO (no ceasefire)
0xf0b0105e98cea35809bdeeb0046b95ddb1a88e3c,3021.989576,5,3,1,2026-04-07 22:03:57+00:00,2026-04-07 22:21:53+00:00,0.0,1831.999997,588.14458,601.844999,0,3,1,1,588.14458,2433.844996,1845.7004159999997,YES (ceasefire)
0x42f96ef84df7465345a0318a1da40116236738d5,3001.488719,2,1,1,2026-04-07 22:18:07+00:00,2026-04-07 22:18:07+00:00,1995.989998,0.0,0.0,1005.498721,1,0,0,1,1995.989998,1005.498721,-990.491277,NO (no ceasefire)
0x17a7815d67018398af0c7d8e255c129790fb62dd,2999.20515,4,1,1,2026-04-07 18:41:09+00:00,2026-04-07 18:41:09+00:00,0.0,0.0,2999.20515,0.0,0,0,4,0,2999.20515,0.0,-2999.20515,NO (no ceasefire)
0xcf181837087772b67f9021f8a512c2bbe02f8a0d,2984.72071,4,2,1,2026-04-07 19:23:53+00:00,2026-04-07 21:47:55+00:00,1052.91219,539.072,853.66452,539.072,1,1,1,1,1906.57671,1078.144,-828.43271,NO (no ceasefire)
0x58aa47a2e3e0396f8c09259d87990db12e56a481,2954.37933,1,1,1,2026-04-07 21:36:21+00:00,2026-04-07 21:36:21+00:00,2954.37933,0.0,0.0,0.0,1,0,0,0,2954.37933,0.0,-2954.37933,NO (no ceasefire)
0xa465a520c557ed253b755581fa1a2abf75936b06,2922.26843,2,1,1,2026-04-07 22:20:45+00:00,2026-04-07 22:20:45+00:00,0.0,2256.26843,0.0,666.0,0,1,0,1,0.0,2922.26843,2922.26843,YES (ceasefire)
0xd57d76c832674adddd39d9ae1d34cc98c69b80d0,2920.83267,4,1,1,2026-04-07 19:33:41+00:00,2026-04-07 19:33:41+00:00,0.0,0.0,2920.83267,0.0,0,0,4,0,2920.83267,0.0,-2920.83267,NO (no ceasefire)
0x60a24cb0fb0185f5e60ce15f51436f0e72897e07,2917.7024,3,1,1,2026-04-07 21:47:31+00:00,2026-04-07 21:47:31+00:00,0.0,1474.1312,0.0,1443.5711999999999,0,1,0,2,0.0,2917.7024,2917.7024,YES (ceasefire)
0xcb177feaf0a24ff99610000190124db6d235d935,2908.375272,2,2,1,2026-04-07 17:48:45+00:00,2026-04-07 19:33:17+00:00,0.0,0.0,2908.375272,0.0,0,0,2,0,2908.375272,0.0,-2908.375272,NO (no ceasefire)
0x744a283ddda3533d6abf89240bfe2f43201a923b,2906.8776470000003,3,1,1,2026-04-07 19:38:25+00:00,2026-04-07 19:38:25+00:00,0.0,0.0,2906.8776470000003,0.0,0,0,3,0,2906.8776470000003,0.0,-2906.8776470000003,NO (no ceasefire)
0xa3710e6336c2e95b491376703a8c106aa5fe0830,2903.809993,1,1,1,2026-04-07 20:23:03+00:00,2026-04-07 20:23:03+00:00,2903.809993,0.0,0.0,0.0,1,0,0,0,2903.809993,0.0,-2903.809993,NO (no ceasefire)
0xdb861c1cf148338119e2b481f13572b938b41dc5,2896.4699929999997,3,3,1,2026-04-07 21:08:29+00:00,2026-04-07 21:52:55+00:00,2896.4699929999997,0.0,0.0,0.0,3,0,0,0,2896.4699929999997,0.0,-2896.4699929999997,NO (no ceasefire)
0x167a807987c8da3aea97bc36cb394fc04d3c91d5,2885.54926,4,3,1,2026-04-07 21:02:47+00:00,2026-04-07 21:32:03+00:00,2227.10926,0.0,658.44,0.0,3,0,1,0,2885.54926,0.0,-2885.54926,NO (no ceasefire)
0xfd9f38391aebfcb3bd8dc117961ae881b37b6610,2863.5801,2,2,1,2026-04-07 19:34:05+00:00,2026-04-07 19:54:03+00:00,2863.5801,0.0,0.0,0.0,2,0,0,0,2863.5801,0.0,-2863.5801,NO (no ceasefire)
0x1ee9a5fc09665909c0cce297c581703bfbb9197f,2846.4,2,2,1,2026-04-07 20:01:05+00:00,2026-04-07 20:04:01+00:00,2846.4,0.0,0.0,0.0,2,0,0,0,2846.4,0.0,-2846.4,NO (no ceasefire)
0xe823252ba8634bd6c3723db9c300f703cb3a2a61,2801.552065,3,3,1,2026-04-07 18:29:03+00:00,2026-04-07 18:29:21+00:00,0.0,0.0,2801.552065,0.0,0,0,3,0,2801.552065,0.0,-2801.552065,NO (no ceasefire)
0xd6c913dfbae16a532f93f4a9385379a42696396d,2796.789999,2,1,1,2026-04-07 22:04:29+00:00,2026-04-07 22:04:29+00:00,0.0,2205.789999,591.0,0.0,0,1,1,0,591.0,2205.789999,1614.789999,YES (ceasefire)
0x17ed7dbfdcfe228016ac50571182f974d59ac087,2790.0,1,1,1,2026-04-07 19:41:37+00:00,2026-04-07 19:41:37+00:00,2790.0,0.0,0.0,0.0,1,0,0,0,2790.0,0.0,-2790.0,NO (no ceasefire)
0xd8d5289c35124b5353f5a10a28b8cc29aec38935,2757.8145,2,1,1,2026-04-07 19:36:15+00:00,2026-04-07 19:36:15+00:00,0.0,0.0,2757.8145,0.0,0,0,2,0,2757.8145,0.0,-2757.8145,NO (no ceasefire)
0x724c7f277889814c98afcd38555e25c6e68f1521,2726.797866,3,2,1,2026-04-07 18:55:59+00:00,2026-04-07 19:08:19+00:00,1996.857046,0.0,729.94082,0.0,2,0,1,0,2726.797866,0.0,-2726.797866,NO (no ceasefire)
0xfe0216df8c009130ea8beb63ed50ee5caddfb22d,2725.317692,1,1,1,2026-04-07 18:24:59+00:00,2026-04-07 18:24:59+00:00,0.0,0.0,2725.317692,0.0,0,0,1,0,2725.317692,0.0,-2725.317692,NO (no ceasefire)
0x042a1caf0b0d51d4fe5abc5d8832c2c9a5ffb153,2719.94544,2,1,1,2026-04-07 22:11:35+00:00,2026-04-07 22:11:35+00:00,0.0,1588.94544,0.0,1131.0,0,1,0,1,0.0,2719.94544,2719.94544,YES (ceasefire)
0xfe495635aad93a476355c5ce38ae0af530197a4c,2706.19738,4,4,1,2026-04-07 22:04:29+00:00,2026-04-07 22:07:19+00:00,2706.19738,0.0,0.0,0.0,4,0,0,0,2706.19738,0.0,-2706.19738,NO (no ceasefire)
0x0ec7ca9eb0b2589d6e292e0fadc902354738f874,2685.0604599999997,3,2,1,2026-04-07 21:19:43+00:00,2026-04-07 21:20:49+00:00,1730.0302299999998,0.0,955.03023,0.0,2,0,1,0,2685.0604599999997,0.0,-2685.0604599999997,NO (no ceasefire)
0x0a53282124062874b45d6489a95a26f62c6d7a6f,2683.40157,3,2,1,2026-04-07 21:49:21+00:00,2026-04-07 22:19:17+00:00,0.0,510.569999,2172.8315709999997,0.0,0,1,2,0,2172.8315709999997,510.569999,-1662.2615719999997,NO (no ceasefire)
0xf81c11c712ac751d2fa21fcb3c617e2b1ba94540,2662.908,3,2,1,2026-04-07 20:14:53+00:00,2026-04-07 20:17:29+00:00,0.0,0.0,2662.908,0.0,0,0,3,0,2662.908,0.0,-2662.908,NO (no ceasefire)
0x5c39b2a8c193c3bd1d7937c17519964f5b7aaaab,2635.651719,3,2,1,2026-04-07 20:57:59+00:00,2026-04-07 21:00:15+00:00,0.0,1581.0887189999999,1054.563,0.0,0,2,1,0,1054.563,1581.0887189999999,526.5257189999998,YES (ceasefire)
0x5a353f5dfbcf9351355854344a2c975ce2245732,2606.76615,2,1,1,2026-04-07 21:44:55+00:00,2026-04-07 21:44:55+00:00,1905.34655,0.0,0.0,701.4196,1,0,0,1,1905.34655,701.4196,-1203.92695,NO (no ceasefire)
0xddce519c698ac75e9ce9db92c2bd8fca9965d50b,2602.1202479999997,2,1,1,2026-04-07 22:21:35+00:00,2026-04-07 22:21:35+00:00,1999.999999,0.0,602.120249,0.0,1,0,1,0,2602.1202479999997,0.0,-2602.1202479999997,NO (no ceasefire)
0x477f156a229f1a174fdf945c778b7362dd2b19aa,2588.14458,3,2,1,2026-04-07 22:18:59+00:00,2026-04-07 22:21:53+00:00,1918.1445800000001,0.0,0.0,670.0,2,0,0,1,1918.1445800000001,670.0,-1248.1445800000001,NO (no ceasefire)
0x588dee49e611cdb2617fb9211945d4f7f7160698,2587.3726399999996,2,1,1,2026-04-07 21:40:51+00:00,2026-04-07 21:40:51+00:00,0.0,1483.955,1103.41764,0.0,0,1,1,0,1103.41764,1483.955,380.53736000000004,YES (ceasefire)
0xd798dd71419ac9f8a27241a9c26144419089669f,2578.1098199999997,4,2,1,2026-04-07 20:59:49+00:00,2026-04-07 21:07:27+00:00,0.0,504.92692,2073.1829,0.0,0,1,3,0,2073.1829,504.92692,-1568.25598,NO (no ceasefire)
0x24787691ebc296444add2ee3dea03c9d6f9b2e62,2570.0,2,2,1,2026-04-07 20:26:31+00:00,2026-04-07 20:54:09+00:00,802.0,0.0,1768.0,0.0,1,0,1,0,2570.0,0.0,-2570.0,NO (no ceasefire)
0x75110b2afa07a881292528a355715a0febe1582e,2486.325714,2,2,1,2026-04-07 19:08:41+00:00,2026-04-07 20:53:05+00:00,0.0,0.0,2486.325714,0.0,0,0,2,0,2486.325714,0.0,-2486.325714,NO (no ceasefire)
0x0c753b31f88d32ee9b4112840ce2eed1a8813c94,2468.20125,3,2,1,2026-04-07 21:57:19+00:00,2026-04-07 22:12:27+00:00,0.0,1834.7247699999998,0.0,633.47648,0,2,0,1,0.0,2468.20125,2468.20125,YES (ceasefire)
0x9733d16542233b38fa2a3432b6106cbc991bf034,2440.261,3,3,1,2026-04-07 20:55:55+00:00,2026-04-07 22:14:07+00:00,1630.2664,809.9946,0.0,0.0,2,1,0,0,1630.2664,809.9946,-820.2718,NO (no ceasefire)
0x817997d188ab6a5bc85180d561b727401b044403,2429.852891,4,3,1,2026-04-07 17:33:31+00:00,2026-04-07 21:32:51+00:00,0.0,0.0,2429.852891,0.0,0,0,4,0,2429.852891,0.0,-2429.852891,NO (no ceasefire)
0x8bf264ed6ab1de6f74046bfb7b9e5d799445c41b,2427.826399,3,2,1,2026-04-07 21:22:11+00:00,2026-04-07 21:52:35+00:00,0.0,1511.5831990000001,0.0,916.2432,0,2,0,1,0.0,2427.826399,2427.826399,YES (ceasefire)
0x5cae67eb34829a2deb600b85a2fb480303d17940,2401.874328,3,2,1,2026-04-07 21:41:01+00:00,2026-04-07 22:16:57+00:00,1803.469128,0.0,598.4052,0.0,2,0,1,0,2401.874328,0.0,-2401.874328,NO (no ceasefire)
0x3deab84fa3c5cbfed1db0764a88810efee08e49f,2389.219995,2,2,1,2026-04-07 20:39:11+00:00,2026-04-07 21:21:41+00:00,2389.219995,0.0,0.0,0.0,2,0,0,0,2389.219995,0.0,-2389.219995,NO (no ceasefire)
0x8966a1e0996a5fe20c64ce976e71d63204465d80,2290.26,1,1,1,2026-04-07 20:31:49+00:00,2026-04-07 20:31:49+00:00,2290.26,0.0,0.0,0.0,1,0,0,0,2290.26,0.0,-2290.26,NO (no ceasefire)
0xf0001334890299a598c591ecb31a74bec5a278c9,2268.036,2,2,1,2026-04-07 18:20:35+00:00,2026-04-07 20:00:45+00:00,0.0,0.0,2268.036,0.0,0,0,2,0,2268.036,0.0,-2268.036,NO (no ceasefire)
0xaed84e376ffe0a58958716075f81aa5545f26c32,2255.6379,3,2,1,2026-04-07 20:22:05+00:00,2026-04-07 21:46:49+00:00,0.0,525.0003,1205.6373,525.0003,0,1,1,1,1205.6373,1050.0006,-155.63670000000002,NO (no ceasefire)
0x0b13ffcfaa14fdf81196a961e1c5750b697a5957,2240.3144,3,3,1,2026-04-07 20:59:21+00:00,2026-04-07 20:59:21+00:00,2240.3144,0.0,0.0,0.0,3,0,0,0,2240.3144,0.0,-2240.3144,NO (no ceasefire)
0xa82b0e89cf734e2fa70cbd52ca65c77d64595220,2233.709,3,3,1,2026-04-07 20:28:31+00:00,2026-04-07 20:55:09+00:00,0.0,0.0,2233.709,0.0,0,0,3,0,2233.709,0.0,-2233.709,NO (no ceasefire)
0xe65b960189de07d620f6075be6249eb8b156271b,2225.87221,3,2,1,2026-04-07 21:38:43+00:00,2026-04-07 21:51:17+00:00,1512.72021,0.0,713.152,0.0,2,0,1,0,2225.87221,0.0,-2225.87221,NO (no ceasefire)
0xc8ab97a9089a9ff7e6ef0688e6e591a066946418,2211.272199,2,2,1,2026-04-07 22:22:51+00:00,2026-04-07 22:24:47+00:00,2211.272199,0.0,0.0,0.0,2,0,0,0,2211.272199,0.0,-2211.272199,NO (no ceasefire)
0xc9af1dbbbb45a73117057c10d4ca3a6ffc4bd013,2209.722,2,2,1,2026-04-07 19:51:17+00:00,2026-04-07 19:57:25+00:00,0.0,0.0,2209.722,0.0,0,0,2,0,2209.722,0.0,-2209.722,NO (no ceasefire)
0x241ff966f22080fbee3928e194763e575847e15a,2207.68916,2,1,1,2026-04-07 20:16:51+00:00,2026-04-07 20:16:51+00:00,1506.40466,0.0,701.2845,0.0,1,0,1,0,2207.68916,0.0,-2207.68916,NO (no ceasefire)
0x86b6f67637d944d9205cb11477bf4508c8a334ed,2199.13928,2,1,1,2026-04-07 22:22:21+00:00,2026-04-07 22:22:21+00:00,0.0,849.77938,1349.3599,0.0,0,1,1,0,1349.3599,849.77938,-499.58052,NO (no ceasefire)
0x1424a9e0a0def5a86c3c6cffbd8b6c65e1b12c7f,2192.689467,2,2,1,2026-04-07 19:53:47+00:00,2026-04-07 19:57:33+00:00,0.0,0.0,2192.689467,0.0,0,0,2,0,2192.689467,0.0,-2192.689467,NO (no ceasefire)
0xefe8af61e75cf922ac3ca7cca2d777ef41b5e0f2,2181.36392,2,1,1,2026-04-07 22:03:33+00:00,2026-04-07 22:03:33+00:00,1099.26372,0.0,1082.1002,0.0,1,0,1,0,2181.36392,0.0,-2181.36392,NO (no ceasefire)
0x1b5e20a28d7115f10ce6190a5ae9a91169be83f8,2172.47393,1,1,1,2026-04-07 19:53:01+00:00,2026-04-07 19:53:01+00:00,0.0,0.0,2172.47393,0.0,0,0,1,0,2172.47393,0.0,-2172.47393,NO (no ceasefire)
0x40413bb8a4ea027c54bba89c0a13b8e68533ca54,2151.48115,1,1,1,2026-04-07 21:13:35+00:00,2026-04-07 21:13:35+00:00,2151.48115,0.0,0.0,0.0,1,0,0,0,2151.48115,0.0,-2151.48115,NO (no ceasefire)
0xfd3131e14052d70d4907fbf231b3126c6f29d389,2147.519823,2,2,1,2026-04-07 19:38:43+00:00,2026-04-07 19:39:53+00:00,2147.519823,0.0,0.0,0.0,2,0,0,0,2147.519823,0.0,-2147.519823,NO (no ceasefire)
0x8f42ae0a01c0383c7ca8bd060b86a645ee74b88f,2133.4467,1,1,1,2026-04-07 21:56:03+00:00,2026-04-07 21:56:03+00:00,0.0,2133.4467,0.0,0.0,0,1,0,0,0.0,2133.4467,2133.4467,YES (ceasefire)
0xb5be5967294150ca8a4a569030091f4b76451449,2111.8095,1,1,1,2026-04-07 20:03:27+00:00,2026-04-07 20:03:27+00:00,2111.8095,0.0,0.0,0.0,1,0,0,0,2111.8095,0.0,-2111.8095,NO (no ceasefire)
0x61a808365ad93d79857eb626e140521bbf1cc588,2101.303475,2,1,1,2026-04-07 22:14:27+00:00,2026-04-07 22:14:27+00:00,0.0,999.999999,1101.303476,0.0,0,1,1,0,1101.303476,999.999999,-101.30347700000004,NO (no ceasefire)
0x1c44d3a8a5ee0ea50c8c5ea2813805d230b1f9c3,2089.738636,1,1,1,2026-04-07 18:46:37+00:00,2026-04-07 18:46:37+00:00,0.0,0.0,2089.738636,0.0,0,0,1,0,2089.738636,0.0,-2089.738636,NO (no ceasefire)
0xd66ba17ae0f4817a4fba508ae38c2b34442f1220,2042.7745,2,1,1,2026-04-07 22:20:13+00:00,2026-04-07 22:20:13+00:00,0.0,1021.38725,0.0,1021.38725,0,1,0,1,0.0,2042.7745,2042.7745,YES (ceasefire)
0x8df73e2962d0184ea1f71621784d46ca6b5936c4,2030.83622,1,1,1,2026-04-07 21:55:59+00:00,2026-04-07 21:55:59+00:00,2030.83622,0.0,0.0,0.0,1,0,0,0,2030.83622,0.0,-2030.83622,NO (no ceasefire)
0xa28264724eee4708bf0d9b139c01da3fa904575c,2010.0,2,1,1,2026-04-07 22:18:57+00:00,2026-04-07 22:18:57+00:00,0.0,1005.0,0.0,1005.0,0,1,0,1,0.0,2010.0,2010.0,YES (ceasefire)
0x736539924a5602b37a03a54fc12c1cc8f98964da,1996.43105,3,3,1,2026-04-07 19:50:07+00:00,2026-04-07 20:03:31+00:00,1996.43105,0.0,0.0,0.0,3,0,0,0,1996.43105,0.0,-1996.43105,NO (no ceasefire)
0x033ac9f02e37c679be5b4537e9f0f45788707188,1973.6719400000002,2,1,1,2026-04-07 20:21:37+00:00,2026-04-07 20:21:37+00:00,1271.57294,0.0,702.099,0.0,1,0,1,0,1973.6719400000002,0.0,-1973.6719400000002,NO (no ceasefire)
0x6640bd87f6e4b6e8d62457448bd1b3a4711a2202,1947.14231,3,3,1,2026-04-07 19:45:07+00:00,2026-04-07 21:45:31+00:00,0.0,519.29301,1427.8493,0.0,0,1,2,0,1427.8493,519.29301,-908.5562900000001,NO (no ceasefire)
0xb85de4f6f5a70a0ceebb62c555976721a9d04ac4,1943.06144,1,1,1,2026-04-07 20:02:43+00:00,2026-04-07 20:02:43+00:00,1943.06144,0.0,0.0,0.0,1,0,0,0,1943.06144,0.0,-1943.06144,NO (no ceasefire)
0xc0eea70081e176f3548b409742d6e361c0fdec14,1923.45605,3,2,1,2026-04-07 21:40:11+00:00,2026-04-07 22:12:19+00:00,0.0,1347.35122,0.0,576.10483,0,2,0,1,0.0,1923.45605,1923.45605,YES (ceasefire)
0x7ee93cdb9cc79656fad3eb2de2a27a1139950b13,1919.6599959999999,2,2,1,2026-04-07 21:21:33+00:00,2026-04-07 21:57:29+00:00,1919.6599959999999,0.0,0.0,0.0,2,0,0,0,1919.6599959999999,0.0,-1919.6599959999999,NO (no ceasefire)
0x144271cc55f8e3b1c0587a4360a69ad82cc15a8f,1908.885613,2,2,1,2026-04-07 18:30:21+00:00,2026-04-07 21:07:49+00:00,1908.885613,0.0,0.0,0.0,2,0,0,0,1908.885613,0.0,-1908.885613,NO (no ceasefire)
0xec3bb924a5e974b5142fd70948200d3c1a453418,1903.569998,3,2,1,2026-04-07 22:06:25+00:00,2026-04-07 22:06:45+00:00,0.0,678.869999,600.0,624.699999,0,1,1,1,600.0,1303.569998,703.5699979999999,YES (ceasefire)
0x198a843b90e1a52d573c6021e2bd6c5d1a093ca3,1900.0,2,2,1,2026-04-07 19:05:49+00:00,2026-04-07 19:32:01+00:00,1900.0,0.0,0.0,0.0,2,0,0,0,1900.0,0.0,-1900.0,NO (no ceasefire)
0xd8d5468ec132315e4209592bdc08987dc8b9c676,1885.3291,3,2,1,2026-04-07 17:57:37+00:00,2026-04-07 19:58:35+00:00,0.0,0.0,1885.3291,0.0,0,0,3,0,1885.3291,0.0,-1885.3291,NO (no ceasefire)
0x150657df3cc85b57834e2fb697dd63c095ceca77,1866.073927,3,2,1,2026-04-07 21:46:09+00:00,2026-04-07 22:31:17+00:00,0.0,1310.719998,0.0,555.353929,0,2,0,1,0.0,1866.073927,1866.073927,YES (ceasefire)
0x14a35308f2d4161edb602211aaaea9f221dcd24f,1863.0904500000001,2,2,1,2026-04-07 20:14:13+00:00,2026-04-07 22:30:57+00:00,0.0,867.09045,996.0,0.0,0,1,1,0,996.0,867.09045,-128.90954999999997,NO (no ceasefire)
0x47a51f21d7424d62259479f4abe98f4443946834,1859.2,2,1,1,2026-04-07 22:18:59+00:00,2026-04-07 22:18:59+00:00,929.6,0.0,929.6,0.0,1,0,1,0,1859.2,0.0,-1859.2,NO (no ceasefire)
0x01adea599a865a092b51ee4573581a75fc1390f6,1851.8834299999999,2,2,1,2026-04-07 18:21:37+00:00,2026-04-07 20:11:05+00:00,1851.8834299999999,0.0,0.0,0.0,2,0,0,0,1851.8834299999999,0.0,-1851.8834299999999,NO (no ceasefire)
0xde937b881ce91af505820ef55e5456c8edc85ff7,1839.999998,2,1,1,2026-04-07 20:48:35+00:00,2026-04-07 20:48:35+00:00,999.999998,0.0,840.0,0.0,1,0,1,0,1839.999998,0.0,-1839.999998,NO (no ceasefire)
0x7e8021a1a5ccf5ba9a65503aff69c6448b5cc229,1839.467586,2,2,1,2026-04-07 19:26:37+00:00,2026-04-07 21:00:41+00:00,0.0,0.0,1839.467586,0.0,0,0,2,0,1839.467586,0.0,-1839.467586,NO (no ceasefire)
0x21f446c3c5532f1ebfacbd82a190a75fcffd81a6,1838.5264,1,1,1,2026-04-07 20:07:45+00:00,2026-04-07 20:07:45+00:00,0.0,0.0,1838.5264,0.0,0,0,1,0,1838.5264,0.0,-1838.5264,NO (no ceasefire)
0xcf6a714618a328c608a1c70cb62a31a6bef3f9d0,1819.68201,2,2,1,2026-04-07 17:57:17+00:00,2026-04-07 21:10:03+00:00,0.0,744.06045,1075.62156,0.0,0,1,1,0,1075.62156,744.06045,-331.5611100000001,NO (no ceasefire)
0x9de200956e24f4e0bdd1cd20715cfa63875e2f54,1798.53115,2,2,1,2026-04-07 19:46:03+00:00,2026-04-07 20:04:09+00:00,1798.53115,0.0,0.0,0.0,2,0,0,0,1798.53115,0.0,-1798.53115,NO (no ceasefire)
0xc53b7c3d88eadac6bf559e765cd858b3c4a37049,1791.9999990000001,2,1,1,2026-04-07 22:15:51+00:00,2026-04-07 22:15:51+00:00,0.0,999.999999,0.0,792.0,0,1,0,1,0.0,1791.9999990000001,1791.9999990000001,YES (ceasefire)
0x7b221ded4c376d3c0d0fb283447c95474ac7a918,1782.87445,2,1,1,2026-04-07 20:39:03+00:00,2026-04-07 20:39:03+00:00,0.0,997.0,0.0,785.87445,0,1,0,1,0.0,1782.87445,1782.87445,YES (ceasefire)
0x2fabe7fa90aebdf1b94cf6bdb33fe9e43117ea04,1782.319994,1,1,1,2026-04-07 18:52:51+00:00,2026-04-07 18:52:51+00:00,1782.319994,0.0,0.0,0.0,1,0,0,0,1782.319994,0.0,-1782.319994,NO (no ceasefire)
0xd08e8f5efb47d9ff61c30e9c8546f82f7f2a2f7c,1773.898307,3,3,1,2026-04-07 19:38:17+00:00,2026-04-07 20:33:03+00:00,0.0,0.0,1773.898307,0.0,0,0,3,0,1773.898307,0.0,-1773.898307,NO (no ceasefire)
0xb89f5425341719d298dc2f5b9a92374f5fde1c44,1773.79272,2,1,1,2026-04-07 20:19:17+00:00,2026-04-07 20:19:17+00:00,886.89636,0.0,886.89636,0.0,1,0,1,0,1773.79272,0.0,-1773.79272,NO (no ceasefire)
0xad87f6aeb9ab1aafa20dd4903e7f1ea261566a86,1768.4258,2,2,1,2026-04-07 20:17:01+00:00,2026-04-07 22:16:57+00:00,1768.4258,0.0,0.0,0.0,2,0,0,0,1768.4258,0.0,-1768.4258,NO (no ceasefire)
0x3c3c54b7ed26c639f6a96a0c668c0158706e70ca,1763.186537,3,2,1,2026-04-07 21:27:07+00:00,2026-04-07 22:01:27+00:00,0.0,702.6543,1060.532237,0.0,0,1,2,0,1060.532237,702.6543,-357.87793699999986,NO (no ceasefire)
0x5ccf62ac8155e49bc7d021a1a66e9ef18f5579d7,1755.08364,3,3,1,2026-04-07 22:00:59+00:00,2026-04-07 22:19:15+00:00,0.0,1091.08364,664.0,0.0,0,2,1,0,664.0,1091.08364,427.08364000000006,YES (ceasefire)
0x7bbd1b55b553317e25968ad3309ebb7a1aa37dc6,1717.26903,2,1,1,2026-04-07 20:28:43+00:00,2026-04-07 20:28:43+00:00,866.00835,0.0,851.26068,0.0,1,0,1,0,1717.26903,0.0,-1717.26903,NO (no ceasefire)
0x9af7a7a2cdaf23079ff638c7f58faf63e1749314,1703.809329,2,1,1,2026-04-07 22:29:49+00:00,2026-04-07 22:29:49+00:00,0.0,916.389999,787.41933,0.0,0,1,1,0,787.41933,916.389999,128.97066900000004,YES (ceasefire)
0xec0fea48c6522572a001e265ac64506a20e9d44e,1703.2816,1,1,1,2026-04-07 19:52:51+00:00,2026-04-07 19:52:51+00:00,1703.2816,0.0,0.0,0.0,1,0,0,0,1703.2816,0.0,-1703.2816,NO (no ceasefire)
0x9b5a7a5d2b7050ffeb3f9157746089595822fa77,1701.4503,2,1,1,2026-04-07 18:13:25+00:00,2026-04-07 18:13:25+00:00,0.0,0.0,1701.4503,0.0,0,0,2,0,1701.4503,0.0,-1701.4503,NO (no ceasefire)
0x9bf6eac1ac9f2e52aa45ba666494ce9ddc19a153,1700.1599,1,1,1,2026-04-07 21:27:25+00:00,2026-04-07 21:27:25+00:00,0.0,1700.1599,0.0,0.0,0,1,0,0,0.0,1700.1599,1700.1599,YES (ceasefire)
0xbdbbf6301dcdb644ccbb91784a6b29365ab8084e,1700.089555,2,2,1,2026-04-07 20:03:53+00:00,2026-04-07 20:59:57+00:00,1700.089555,0.0,0.0,0.0,2,0,0,0,1700.089555,0.0,-1700.089555,NO (no ceasefire)
0x90bfc858ddb497e6208a92dce15cfe9a480d3348,1699.9999990000001,2,1,1,2026-04-07 21:50:21+00:00,2026-04-07 21:50:21+00:00,0.0,999.999999,700.0,0.0,0,1,1,0,700.0,999.999999,299.999999,YES (ceasefire)
0xafc5d2ec5b328aa3e30617eefdc347b8455f866b,1696.13424,1,1,1,2026-04-07 19:54:55+00:00,2026-04-07 19:54:55+00:00,0.0,0.0,1696.13424,0.0,0,0,1,0,1696.13424,0.0,-1696.13424,NO (no ceasefire)
0x60242020092ddd8bff5461731868341898d0dec6,1692.073712,2,2,1,2026-04-07 21:17:43+00:00,2026-04-07 21:53:05+00:00,0.0,0.0,1692.073712,0.0,0,0,2,0,1692.073712,0.0,-1692.073712,NO (no ceasefire)
0x900982a9347e2c3103abfe10bf50b92ee35959e0,1672.25,1,1,1,2026-04-07 21:54:37+00:00,2026-04-07 21:54:37+00:00,1672.25,0.0,0.0,0.0,1,0,0,0,1672.25,0.0,-1672.25,NO (no ceasefire)
0x4de48d7a764d686e60fc06a38fab600efa2c9d4d,1670.26,2,1,1,2026-04-07 21:31:41+00:00,2026-04-07 21:31:41+00:00,895.13,0.0,775.13,0.0,1,0,1,0,1670.26,0.0,-1670.26,NO (no ceasefire)
0x7b640a085ca4ce2d10f94cf46ce6cf768643ebde,1669.48139,2,1,1,2026-04-07 21:45:27+00:00,2026-04-07 21:45:27+00:00,860.62809,0.0,808.8533,0.0,1,0,1,0,1669.48139,0.0,-1669.48139,NO (no ceasefire)
0xeedbc7bcc22f14e16f2cdf7ac01243bc806359e5,1665.48346,3,3,1,2026-04-07 22:02:45+00:00,2026-04-07 22:06:37+00:00,1665.48346,0.0,0.0,0.0,3,0,0,0,1665.48346,0.0,-1665.48346,NO (no ceasefire)
0x11b3d48b40cbc089b04e84f2aaca85b901221a97,1650.729148,2,1,1,2026-04-07 18:56:19+00:00,2026-04-07 18:56:19+00:00,996.429998,0.0,654.29915,0.0,1,0,1,0,1650.729148,0.0,-1650.729148,NO (no ceasefire)
0x6abe7704bd2c9812e1f74a6b01a61ac7368ed6a5,1640.72624,3,2,1,2026-04-07 20:24:17+00:00,2026-04-07 20:37:59+00:00,1112.79128,0.0,527.93496,0.0,2,0,1,0,1640.72624,0.0,-1640.72624,NO (no ceasefire)
0x3fa1bb3299658db4906918a943afe4d1ee7bf5a1,1607.72528,1,1,1,2026-04-07 21:34:13+00:00,2026-04-07 21:34:13+00:00,0.0,0.0,1607.72528,0.0,0,0,1,0,1607.72528,0.0,-1607.72528,NO (no ceasefire)
0xa3b5e86bd13e1e4e358f235eb0d343ffc02f1962,1599.5,2,2,1,2026-04-07 22:13:53+00:00,2026-04-07 22:19:41+00:00,1599.5,0.0,0.0,0.0,2,0,0,0,1599.5,0.0,-1599.5,NO (no ceasefire)
0x54a78f8c6e64572111c5683a9efeed25a04c881b,1592.3833599999998,2,2,1,2026-04-07 18:41:09+00:00,2026-04-07 19:19:31+00:00,1592.3833599999998,0.0,0.0,0.0,2,0,0,0,1592.3833599999998,0.0,-1592.3833599999998,NO (no ceasefire)
0x5c63bae91d6aced35f08ee653d4567e65f5196e9,1588.389998,2,1,1,2026-04-07 22:09:01+00:00,2026-04-07 22:09:01+00:00,0.0,799.999999,0.0,788.389999,0,1,0,1,0.0,1588.389998,1588.389998,YES (ceasefire)
0x17a52d6d743362fe8cffd4a3c5e9290582c515c9,1580.329998,2,1,1,2026-04-07 21:02:31+00:00,2026-04-07 21:02:31+00:00,0.0,794.649999,0.0,785.679999,0,1,0,1,0.0,1580.329998,1580.329998,YES (ceasefire)
0x9846dcc7593c39db00ee91232ecb5aef455bca9e,1570.975,1,1,1,2026-04-07 18:21:03+00:00,2026-04-07 18:21:03+00:00,1570.975,0.0,0.0,0.0,1,0,0,0,1570.975,0.0,-1570.975,NO (no ceasefire)
0x2ece9aea1e1522edf10a58af0254408a098eacf2,1569.9999990000001,2,1,1,2026-04-07 21:46:47+00:00,2026-04-07 21:46:47+00:00,0.0,999.999999,570.0,0.0,0,1,1,0,570.0,999.999999,429.999999,YES (ceasefire)
0x6cb849174b38800ed9d7c501a6fb5e7cfa98f154,1559.789999,1,1,1,2026-04-07 20:53:15+00:00,2026-04-07 20:53:15+00:00,1559.789999,0.0,0.0,0.0,1,0,0,0,1559.789999,0.0,-1559.789999,NO (no ceasefire)
0x27f3f0bc31cb7b9d19e10acd03b80619d28f2884,1558.3211999999999,2,2,1,2026-04-07 20:45:15+00:00,2026-04-07 21:24:13+00:00,0.0,0.0,1558.3211999999999,0.0,0,0,2,0,1558.3211999999999,0.0,-1558.3211999999999,NO (no ceasefire)
0xe312101a6ea5c00821b74e2855c2674147b2e0b2,1554.989,2,2,1,2026-04-07 21:01:01+00:00,2026-04-07 22:02:33+00:00,0.0,522.496,1032.493,0.0,0,1,1,0,1032.493,522.496,-509.99699999999996,NO (no ceasefire)
0xda0f4e3f79a50b8601b3cb9d421f48ce11bbf0e7,1542.48042,2,2,1,2026-04-07 22:11:51+00:00,2026-04-07 22:13:25+00:00,1542.48042,0.0,0.0,0.0,2,0,0,0,1542.48042,0.0,-1542.48042,NO (no ceasefire)
0x77674a0606d9a989e77886750cf612d2d2b62096,1512.32476,1,1,1,2026-04-07 19:10:13+00:00,2026-04-07 19:10:13+00:00,0.0,0.0,1512.32476,0.0,0,0,1,0,1512.32476,0.0,-1512.32476,NO (no ceasefire)
0x14f742820b9c71f4221ee948ed4aba20cd7e232c,1510.248985,1,1,1,2026-04-07 19:54:05+00:00,2026-04-07 19:54:05+00:00,0.0,0.0,1510.248985,0.0,0,0,1,0,1510.248985,0.0,-1510.248985,NO (no ceasefire)
0x2252cc57cfa8516f46331a15839b4eee17aed4f5,1502.141067,2,1,1,2026-04-07 19:05:49+00:00,2026-04-07 19:05:49+00:00,0.0,0.0,1502.141067,0.0,0,0,2,0,1502.141067,0.0,-1502.141067,NO (no ceasefire)
0x09bb2ab1c72871fd3d206cd36bf29a87ec9b1c5c,1501.5029299999999,2,2,1,2026-04-07 21:14:59+00:00,2026-04-07 22:02:33+00:00,1501.5029299999999,0.0,0.0,0.0,2,0,0,0,1501.5029299999999,0.0,-1501.5029299999999,NO (no ceasefire)
0x6c0b328d74f089f7c2479f3bc5d97a1b1ee3c359,1498.999998,1,1,1,2026-04-07 22:18:07+00:00,2026-04-07 22:18:07+00:00,1498.999998,0.0,0.0,0.0,1,0,0,0,1498.999998,0.0,-1498.999998,NO (no ceasefire)
0x84047c4fce44c222e9e41886995fd2e414dbb69f,1489.45,2,1,1,2026-04-07 17:36:21+00:00,2026-04-07 17:36:21+00:00,0.0,0.0,1489.45,0.0,0,0,2,0,1489.45,0.0,-1489.45,NO (no ceasefire)
0x3057de5efc5fce194b0b034f08ad0beea9e77a96,1488.2091599999999,2,2,1,2026-04-07 21:29:47+00:00,2026-04-07 21:36:21+00:00,1488.2091599999999,0.0,0.0,0.0,2,0,0,0,1488.2091599999999,0.0,-1488.2091599999999,NO (no ceasefire)
0x5b6331e7ff0831a3fe2ed12004747db1a9c911a4,1481.409999,2,1,1,2026-04-07 20:36:25+00:00,2026-04-07 20:36:25+00:00,0.0,671.409999,810.0,0.0,0,1,1,0,810.0,671.409999,-138.59000100000003,NO (no ceasefire)
0xd4bb827c0227774bcde1bd881b36c7d93854a993,1476.792,2,1,1,2026-04-07 18:23:01+00:00,2026-04-07 18:23:01+00:00,738.396,0.0,738.396,0.0,1,0,1,0,1476.792,0.0,-1476.792,NO (no ceasefire)
0x1190bb5d2794eb1d5a61e3d3e06ce8fbadbb9c52,1473.069767,1,1,1,2026-04-07 21:25:41+00:00,2026-04-07 21:25:41+00:00,0.0,0.0,1473.069767,0.0,0,0,1,0,1473.069767,0.0,-1473.069767,NO (no ceasefire)
0x01b2a484440dc17f323e565b48f6faed756c0dcf,1470.5206600000001,2,1,1,2026-04-07 19:46:53+00:00,2026-04-07 19:46:53+00:00,0.0,667.24366,803.277,0.0,0,1,1,0,803.277,667.24366,-136.03334000000007,NO (no ceasefire)
0x82147e52ff6f18d3d55d98f59f260ee5be5aef72,1462.0680200000002,2,2,1,2026-04-07 22:09:39+00:00,2026-04-07 22:10:21+00:00,1462.0680200000002,0.0,0.0,0.0,2,0,0,0,1462.0680200000002,0.0,-1462.0680200000002,NO (no ceasefire)
0xad25846e05eb0bfa4fcdec2e8bc05cd602e9a8a4,1460.25,1,1,1,2026-04-07 20:05:27+00:00,2026-04-07 20:05:27+00:00,1460.25,0.0,0.0,0.0,1,0,0,0,1460.25,0.0,-1460.25,NO (no ceasefire)
0xa66790e2b0075e73c3781ddaf1d0b875a3aaceb3,1447.41933,2,2,1,2026-04-07 22:28:27+00:00,2026-04-07 22:29:49+00:00,1447.41933,0.0,0.0,0.0,2,0,0,0,1447.41933,0.0,-1447.41933,NO (no ceasefire)
0x64655529ce2a0a6d240c736c3f4435235794b886,1437.809,1,1,1,2026-04-07 20:51:41+00:00,2026-04-07 20:51:41+00:00,1437.809,0.0,0.0,0.0,1,0,0,0,1437.809,0.0,-1437.809,NO (no ceasefire)
0x57cc0ba8ed5ffc0a42cfeddb8cd4ddc528c39f51,1437.703,2,1,1,2026-04-07 17:35:09+00:00,2026-04-07 17:35:09+00:00,730.789,0.0,706.914,0.0,1,0,1,0,1437.703,0.0,-1437.703,NO (no ceasefire)
0x84e2018bd159ad7f0200a2b5ee63fb3ea2abcb54,1436.35892,1,1,1,2026-04-07 19:34:37+00:00,2026-04-07 19:34:37+00:00,1436.35892,0.0,0.0,0.0,1,0,0,0,1436.35892,0.0,-1436.35892,NO (no ceasefire)
0x21ffd2b7a212a6f277ed3eca1a9f8efcbca90d71,1429.5,2,2,1,2026-04-07 18:06:51+00:00,2026-04-07 19:08:59+00:00,1429.5,0.0,0.0,0.0,2,0,0,0,1429.5,0.0,-1429.5,NO (no ceasefire)
0xe25b9180f5687aa85bd94ee309bb72a464320f1b,1425.19309,1,1,1,2026-04-07 22:07:39+00:00,2026-04-07 22:07:39+00:00,0.0,1425.19309,0.0,0.0,0,1,0,0,0.0,1425.19309,1425.19309,YES (ceasefire)
0xa546adeca7a0139b653926e2abb2b57117954788,1420.601996,2,1,1,2026-04-07 19:21:11+00:00,2026-04-07 19:21:11+00:00,862.699998,0.0,557.901998,0.0,1,0,1,0,1420.601996,0.0,-1420.601996,NO (no ceasefire)
0x8b94e5993e5140d02a9a6098c0bafec9f6e75e1d,1413.101123,1,1,1,2026-04-07 21:27:19+00:00,2026-04-07 21:27:19+00:00,0.0,0.0,1413.101123,0.0,0,0,1,0,1413.101123,0.0,-1413.101123,NO (no ceasefire)
0x3b04d995828c28106ddc9e7722399bde0ff39f95,1383.58,2,2,1,2026-04-07 20:33:25+00:00,2026-04-07 21:21:15+00:00,1383.58,0.0,0.0,0.0,2,0,0,0,1383.58,0.0,-1383.58,NO (no ceasefire)
0x9dfe2f73d3c988a9d69df8fa0beb85651340b3dd,1380.0,2,2,1,2026-04-07 21:50:21+00:00,2026-04-07 21:53:05+00:00,1380.0,0.0,0.0,0.0,2,0,0,0,1380.0,0.0,-1380.0,NO (no ceasefire)
0xbfda96f2a98f2e9947fffc463c493a9287bbd6fa,1379.67372,2,1,1,2026-04-07 22:27:27+00:00,2026-04-07 22:27:27+00:00,689.83686,0.0,689.83686,0.0,1,0,1,0,1379.67372,0.0,-1379.67372,NO (no ceasefire)
0x34ab676b682e8132484a1c041f2c67706f063eb5,1379.4,1,1,1,2026-04-07 18:22:07+00:00,2026-04-07 18:22:07+00:00,1379.4,0.0,0.0,0.0,1,0,0,0,1379.4,0.0,-1379.4,NO (no ceasefire)
0xbc2e8d08843a3aab6c7e72e6ec9239e06c52816f,1377.87894,2,1,1,2026-04-07 19:50:35+00:00,2026-04-07 19:50:35+00:00,0.0,0.0,1377.87894,0.0,0,0,2,0,1377.87894,0.0,-1377.87894,NO (no ceasefire)
0x8b050b849331be27a4713fa829517b158cfa310f,1374.793498,2,1,1,2026-04-07 20:56:23+00:00,2026-04-07 20:56:23+00:00,699.989999,0.0,674.803499,0.0,1,0,1,0,1374.793498,0.0,-1374.793498,NO (no ceasefire)
0x629c2844d5c0e36774a67fe10dcd43ca31a76c01,1346.617,1,1,1,2026-04-07 20:19:45+00:00,2026-04-07 20:19:45+00:00,1346.617,0.0,0.0,0.0,1,0,0,0,1346.617,0.0,-1346.617,NO (no ceasefire)
0x3561eae11ed37e0995c4d9d2ac48cda9a66cd279,1340.0,1,1,1,2026-04-07 20:59:51+00:00,2026-04-07 20:59:51+00:00,1340.0,0.0,0.0,0.0,1,0,0,0,1340.0,0.0,-1340.0,NO (no ceasefire)
0x5f45b60c29d6e4d55c0bfd8ddd39ad45c5e0a77a,1332.6732200000001,2,2,1,2026-04-07 20:13:37+00:00,2026-04-07 21:27:23+00:00,0.0,676.8774,655.79582,0.0,0,1,1,0,655.79582,676.8774,21.081579999999917,YES (ceasefire)
0x2681519cd18ac27f318147087e805d2444164d07,1304.094047,2,1,1,2026-04-07 20:11:55+00:00,2026-04-07 20:11:55+00:00,0.0,0.0,1304.094047,0.0,0,0,2,0,1304.094047,0.0,-1304.094047,NO (no ceasefire)
0x08458f7e9d2858027de579e4c3ca305475496b6f,1295.83,2,2,1,2026-04-07 21:16:07+00:00,2026-04-07 22:04:15+00:00,1295.83,0.0,0.0,0.0,2,0,0,0,1295.83,0.0,-1295.83,NO (no ceasefire)
0x962e94cdcb1f33bc588482161fe3d22abb0ad1c1,1287.5232999999998,2,2,1,2026-04-07 20:38:25+00:00,2026-04-07 21:12:05+00:00,0.0,0.0,1287.5232999999998,0.0,0,0,2,0,1287.5232999999998,0.0,-1287.5232999999998,NO (no ceasefire)
0x63d3fd1fb8f97d01596969e0316022a6126c752f,1286.0297500000001,2,1,1,2026-04-07 20:12:17+00:00,2026-04-07 20:12:17+00:00,676.13003,0.0,609.89972,0.0,1,0,1,0,1286.0297500000001,0.0,-1286.0297500000001,NO (no ceasefire)
0x1b7f34b58a1d90a4f3ccf1c99120ac5258010380,1282.70637,1,1,1,2026-04-07 19:34:35+00:00,2026-04-07 19:34:35+00:00,1282.70637,0.0,0.0,0.0,1,0,0,0,1282.70637,0.0,-1282.70637,NO (no ceasefire)
0x8790b88055f5b20a645d9f50a78ad084820d60c2,1279.24054,2,2,1,2026-04-07 20:10:27+00:00,2026-04-07 20:11:07+00:00,0.0,0.0,1279.24054,0.0,0,0,2,0,1279.24054,0.0,-1279.24054,NO (no ceasefire)
0xb866e020d08a3257efd7ea991e56a8bcb8d7977f,1277.67693,2,2,1,2026-04-07 22:13:59+00:00,2026-04-07 22:26:37+00:00,1277.67693,0.0,0.0,0.0,2,0,0,0,1277.67693,0.0,-1277.67693,NO (no ceasefire)
0x99d1a7ae06ffd8a4ccd50f1cd26dd464b289f1f0,1264.9669039999999,2,1,1,2026-04-07 21:32:27+00:00,2026-04-07 21:32:27+00:00,0.0,669.569999,595.396905,0.0,0,1,1,0,595.396905,669.569999,74.1730940000001,YES (ceasefire)
0xebdfd86787aab9c151b2e9b3648f4848fc2ada25,1263.56346,1,1,1,2026-04-07 19:00:11+00:00,2026-04-07 19:00:11+00:00,0.0,0.0,1263.56346,0.0,0,0,1,0,1263.56346,0.0,-1263.56346,NO (no ceasefire)
0x72a22d4d155079da8f50c89d4c6c03b6428e7b65,1242.69375,1,1,1,2026-04-07 19:13:17+00:00,2026-04-07 19:13:17+00:00,1242.69375,0.0,0.0,0.0,1,0,0,0,1242.69375,0.0,-1242.69375,NO (no ceasefire)
0xab51c55eb5cefec49c52a174acc10b3cd69e2473,1241.5360799999999,2,1,1,2026-04-07 22:03:51+00:00,2026-04-07 22:03:51+00:00,0.0,736.75646,0.0,504.77962,0,1,0,1,0.0,1241.5360799999999,1241.5360799999999,YES (ceasefire)
0xb78d9c7fdcde2075f50fb4a31672d17566ee0d5b,1217.46342,1,1,1,2026-04-07 19:58:01+00:00,2026-04-07 19:58:01+00:00,1217.46342,0.0,0.0,0.0,1,0,0,0,1217.46342,0.0,-1217.46342,NO (no ceasefire)
0x0bb95597b85b89f83f66929be66edcf4ae7f9725,1212.3995,1,1,1,2026-04-07 19:30:13+00:00,2026-04-07 19:30:13+00:00,0.0,0.0,1212.3995,0.0,0,0,1,0,1212.3995,0.0,-1212.3995,NO (no ceasefire)
0x0c8f308a923218bb83ee2c5d6aebfaeeaefe44f0,1209.483,1,1,1,2026-04-07 19:57:09+00:00,2026-04-07 19:57:09+00:00,0.0,0.0,1209.483,0.0,0,0,1,0,1209.483,0.0,-1209.483,NO (no ceasefire)
0xe994dd1c00995ee56bec36ffb0e908fb45a15d47,1202.4337799999998,2,2,1,2026-04-07 20:25:51+00:00,2026-04-07 20:33:39+00:00,0.0,0.0,1202.4337799999998,0.0,0,0,2,0,1202.4337799999998,0.0,-1202.4337799999998,NO (no ceasefire)
0x2707f2e693b3d20b5a17b603c532571108140afa,1191.0,2,2,1,2026-04-07 21:44:15+00:00,2026-04-07 22:24:47+00:00,0.0,1191.0,0.0,0.0,0,2,0,0,0.0,1191.0,1191.0,YES (ceasefire)
0x31b5d60d82ee8a14dc795a41a63953f0974c6128,1187.356569,2,2,1,2026-04-07 22:18:29+00:00,2026-04-07 22:21:35+00:00,1187.356569,0.0,0.0,0.0,2,0,0,0,1187.356569,0.0,-1187.356569,NO (no ceasefire)
0x9cfeeb174bc4101d90a70873f40b6bc71a03294c,1182.0597,1,1,1,2026-04-07 21:15:59+00:00,2026-04-07 21:15:59+00:00,0.0,1182.0597,0.0,0.0,0,1,0,0,0.0,1182.0597,1182.0597,YES (ceasefire)
0x3f02a8b650d4b30449e83616f2165460209ca51c,1163.24612,2,2,1,2026-04-07 22:08:57+00:00,2026-04-07 22:09:41+00:00,1163.24612,0.0,0.0,0.0,2,0,0,0,1163.24612,0.0,-1163.24612,NO (no ceasefire)
0x6d9fc316c3b8377060a44b852ba664adbfd59790,1157.7906,2,2,1,2026-04-07 22:07:19+00:00,2026-04-07 22:11:23+00:00,0.0,1157.7906,0.0,0.0,0,2,0,0,0.0,1157.7906,1157.7906,YES (ceasefire)
0xfa394a598dbf573202a8286b45f512c7a383977f,1144.08738,2,2,1,2026-04-07 19:59:59+00:00,2026-04-07 20:01:05+00:00,1144.08738,0.0,0.0,0.0,2,0,0,0,1144.08738,0.0,-1144.08738,NO (no ceasefire)
0xe31b69a0d64c2483654cae73f15c98836b6f5f28,1139.683104,2,2,1,2026-04-07 20:15:09+00:00,2026-04-07 20:29:51+00:00,0.0,0.0,1139.683104,0.0,0,0,2,0,1139.683104,0.0,-1139.683104,NO (no ceasefire)
0xc038548349b05f1c0023baa5e8baa3d723ea2c07,1134.7135,2,2,1,2026-04-07 19:24:11+00:00,2026-04-07 19:36:59+00:00,0.0,0.0,1134.7135,0.0,0,0,2,0,1134.7135,0.0,-1134.7135,NO (no ceasefire)
0x45e856f0023259664606b6c370e82d072b24cc6c,1112.391,2,2,1,2026-04-07 19:12:21+00:00,2026-04-07 19:48:37+00:00,1112.391,0.0,0.0,0.0,2,0,0,0,1112.391,0.0,-1112.391,NO (no ceasefire)
0x8189f0d9a204c49d139aeafb48cdfe37b07fa4c3,1111.596599,2,1,1,2026-04-07 21:46:19+00:00,2026-04-07 21:46:19+00:00,0.0,519.999999,591.5966,0.0,0,1,1,0,591.5966,519.999999,-71.59660099999996,NO (no ceasefire)
0x2c1967ffcb5e4ea6fd221a8a5341db3f36b1e3c6,1100.70599,1,1,1,2026-04-07 21:17:17+00:00,2026-04-07 21:17:17+00:00,0.0,1100.70599,0.0,0.0,0,1,0,0,0.0,1100.70599,1100.70599,YES (ceasefire)
0x4ef6c4b7a0ec0c71ae0a72a2e1d80754cec320dc,1099.999999,1,1,1,2026-04-07 21:49:59+00:00,2026-04-07 21:49:59+00:00,0.0,1099.999999,0.0,0.0,0,1,0,0,0.0,1099.999999,1099.999999,YES (ceasefire)
0x317d7e26e1530940f3ae62d9d6bac660815b8812,1087.89445,1,1,1,2026-04-07 21:19:15+00:00,2026-04-07 21:19:15+00:00,0.0,1087.89445,0.0,0.0,0,1,0,0,0.0,1087.89445,1087.89445,YES (ceasefire)
0xbe1eb80e6cbaf6766097355f7e34014fcab57fa1,1086.363636,1,1,1,2026-04-07 17:47:49+00:00,2026-04-07 17:47:49+00:00,0.0,0.0,1086.363636,0.0,0,0,1,0,1086.363636,0.0,-1086.363636,NO (no ceasefire)
0xe38f240aec7b1dd34993341fa1f1db5300e18e46,1084.799998,1,1,1,2026-04-07 21:17:11+00:00,2026-04-07 21:17:11+00:00,1084.799998,0.0,0.0,0.0,1,0,0,0,1084.799998,0.0,-1084.799998,NO (no ceasefire)
0xd5d75539d4914aadfafd042c10141e5f45e44952,1072.76288,2,1,1,2026-04-07 20:16:35+00:00,2026-04-07 20:16:35+00:00,565.51768,0.0,507.2452,0.0,1,0,1,0,1072.76288,0.0,-1072.76288,NO (no ceasefire)
0xd592400c366db77ae75ae92d0cd8cf3331e0b119,1052.799979,1,1,1,2026-04-07 18:21:49+00:00,2026-04-07 18:21:49+00:00,1052.799979,0.0,0.0,0.0,1,0,0,0,1052.799979,0.0,-1052.799979,NO (no ceasefire)
0x9269d5cbf2bd50c48c56b79312d6f7f12c0d53fd,1051.26224,1,1,1,2026-04-07 21:34:07+00:00,2026-04-07 21:34:07+00:00,0.0,1051.26224,0.0,0.0,0,1,0,0,0.0,1051.26224,1051.26224,YES (ceasefire)
0x92e53057ef2872722a53fe807245bd387e1defee,1046.125,1,1,1,2026-04-07 21:12:57+00:00,2026-04-07 21:12:57+00:00,1046.125,0.0,0.0,0.0,1,0,0,0,1046.125,0.0,-1046.125,NO (no ceasefire)
0xec7035d16211f2993461d6b7ff7d5c6a8a33e529,1039.29134,2,1,1,2026-04-07 19:55:27+00:00,2026-04-07 19:55:27+00:00,530.67118,0.0,508.62016,0.0,1,0,1,0,1039.29134,0.0,-1039.29134,NO (no ceasefire)
0xbc5b70e3133438447215636c6c58f58e450fc668,1033.25886,1,1,1,2026-04-07 22:02:51+00:00,2026-04-07 22:02:51+00:00,0.0,1033.25886,0.0,0.0,0,1,0,0,0.0,1033.25886,1033.25886,YES (ceasefire)
0xc12a9983721b113e545a6a0edfb4ad5096bbdc73,1019.67096,1,1,1,2026-04-07 20:59:07+00:00,2026-04-07 20:59:07+00:00,0.0,1019.67096,0.0,0.0,0,1,0,0,0.0,1019.67096,1019.67096,YES (ceasefire)
0x4849f592071d96b213009263bc09f0fd393b74c2,1014.049999,1,1,1,2026-04-07 21:22:59+00:00,2026-04-07 21:22:59+00:00,1014.049999,0.0,0.0,0.0,1,0,0,0,1014.049999,0.0,-1014.049999,NO (no ceasefire)
0xa2f1a3115377f690b85ffb1134b0c5f08e1a1c6c,999.999999,1,1,1,2026-04-07 22:29:49+00:00,2026-04-07 22:29:49+00:00,999.999999,0.0,0.0,0.0,1,0,0,0,999.999999,0.0,-999.999999,NO (no ceasefire)
0xf2b05d854e0af18e70b76e96534e2e7f7a04b26b,999.999999,1,1,1,2026-04-07 21:07:21+00:00,2026-04-07 21:07:21+00:00,999.999999,0.0,0.0,0.0,1,0,0,0,999.999999,0.0,-999.999999,NO (no ceasefire)
